2660 4030
359 183 527 240 SIDONIUS
545 185 656 242 LEONI
675 184 742 240 SUO
762 184 938 240 SALUTEM.
1091 184 1154 250 173

144 337 292 396 stantiam.
338 334 457 394 demum
489 352 559 394 vero
592 335 723 395 medium
755 335 830 396 nihil
858 343 916 396 est:
948 353 1074 414 namque
1105 341 1155 395 aut

144 426 301 484 minimum
323 441 359 483 ex
382 422 464 483 hisce
487 424 680 485 metuendum
701 431 747 484 est
770 431 820 486 aut
842 443 897 504 per
917 426 1016 485 omnia
1034 426 1154 484 omnino

143 511 412 574 conticescendum.
457 511 529 572 vale.

630 738 672 804 H.

335 859 503 916 SIDONIUS
522 861 680 918 IOHANNI
698 861 766 917 SUO
787 860 963 918 SALUTEM.

214 972 241 1035 1.
265 973 385 1035 Credidi
411 992 471 1055 me,
499 976 543 1034 vir
569 975 766 1055 peritissime,
792 975 876 1036 nefas
899 978 930 1035 in
954 977 1051 1037 studia
1075 993 1154 1036 com-
1182 993 1195 1032 5

144 1065 271 1144 mittere,
294 1065 320 1123 si
344 1062 527 1124 distulissem
548 1065 691 1143 prosequi
714 1063 859 1145 laudibus,
885 1065 964 1145 quod
987 1064 1100 1126 aboleri
1122 1071 1156 1124 tu

144 1152 258 1212 litteras
291 1151 447 1233 distulisti,
479 1170 605 1231 quarum
638 1153 852 1232 quodammodo
885 1156 943 1214 iam
973 1153 1156 1233 sepultarum

144 1243 304 1302 suscitator
326 1241 423 1301 fautor
446 1249 577 1302 assertor
601 1241 832 1323 concelebraris,
858 1249 947 1323 teque
970 1261 1025 1322 per
1048 1241 1156 1303 Gallias

144 1349 204 1391 uno
227 1332 367 1408 magistro
392 1328 446 1390 sub
474 1329 529 1390 hac
555 1337 731 1410 tempestate
753 1331 899 1392 bellorum
922 1331 1026 1393 Latina
1052 1340 1155 1393 tenue-

144 1425 215 1479 runt
234 1437 285 1479 ora
303 1425 431 1499 portum,
451 1437 518 1480 cum
535 1419 714 1498 pertulerim
730 1438 812 1480 arma
825 1420 1019 1499 naufragium.
1057 1418 1086 1481 2.
1105 1421 1155 1481 de·
1172 1439 1196 1478 ιο

106 1545 109 1550 >
143 1507 215 1568 hent
244 1510 336 1586 Igitur
367 1506 414 1567 rel
446 1509 587 1586 aequaevi
615 1508 662 1568 vel
692 1512 806 1588 posteri
837 1512 933 1571 nostri
963 1512 1156 1571 universatim

144 1596 327 1657 ferventibus
350 1598 427 1655 rotis
450 1595 576 1657 alterum
603 1604 633 1658 te
660 1604 694 1658 ut
716 1597 947 1680 Demosthenen,
975 1598 1100 1660 alterum
1123 1606 1157 1659 ut

143 1683 274 1747 Tullium
297 1703 377 1746 nunc
400 1687 516 1765 statuis,
544 1687 570 1746 si
593 1685 689 1767 liceat,
712 1705 896 1768 consecrare,
918 1705 998 1748 nunc
1020 1689 1156 1766 imagini-

143 1774 210 1854 hus,
234 1776 286 1852 qui
308 1781 337 1834 te
357 1773 481 1835 docente
501 1775 619 1836 formati
636 1778 825 1855 institutique
843 1778 902 1836 iam
922 1778 989 1837 sinu
1007 1778 1040 1836 in
1057 1777 1156 1837 medio

144 1866 187 1924 sic
211 1865 307 1942 gentis
330 1864 465 1944 invictae,
493 1864 572 1942 quod
594 1872 694 1925 tamen
718 1864 841 1946 alienae,
864 1865 1005 1926 natalium
1027 1872 1156 1926 vetusto·
1172 1882 1197 1922 15

142 1970 211 2013 rum
236 1954 319 2031 signa
341 1952 526 2013 retinebunt:
549 1972 618 2014 nam
641 1955 700 2014 iam
723 1957 845 2015 remotis
869 1953 1009 2034 gradibus
1031 1955 1156 2033 dignita-

142 2049 220 2122 tum,
248 2059 303 2120 per
326 2059 399 2119 quas
423 2040 535 2103 solebat
558 2041 663 2103 ultimo
687 2061 703 2103 a
727 2062 845 2123 quoque
873 2061 1006 2105 summus
1030 2045 1157 2123 quisque

142 2130 287 2212 discerni,
321 2130 416 2190 solum
444 2132 501 2190 erit
528 2131 650 2210 posthac
679 2132 841 2193 nobilitatis
869 2133 1012 2193 indicium
1043 2131 1157 2193 litteras

143 2237 240 2280 nosse.
278 2217 308 2281 3.
331 2237 386 2278 nos
410 2237 479 2279 vero
504 2227 620 2280 ceteros
643 2239 733 2300 supra
756 2222 908 2282 doctrinae
926 2228 993 2282 tuae
1012 2221 1158 2282 beneficia

143 2310 365 2389 constringunt,
401 2307 509 2386 quibus
546 2307 657 2388 aliquid
695 2310 826 2372 scribere
860 2313 986 2372 assuetis
1019 2311 1156 2390 quodque
1171 2329 1198 2368 so

143 2399 262 2458 venturi
284 2396 383 2476 legere
411 2399 528 2476 possint
556 2397 775 2460 elaborantibus
804 2400 901 2460 saltim
925 2400 960 2460 de
983 2406 1034 2460 tua
1058 2398 1156 2460 schola

144 2504 198 2548 seu
221 2488 391 2566 magisterio
416 2494 587 2565 competens
610 2484 754 2548 lectorum
777 2488 864 2548 turba
886 2491 1047 2568 proveniet.
1084 2487 1157 2550 vale.

624 2747 682 2814 ΠΙ.

352 2870 523 2926 SIDONIUS
543 2869 655 2927 LEONI
674 2869 742 2926 SUO
763 2869 942 2926 SALUTEM.

213 2979 240 3044 1.
273 2983 420 3063 Apollonii
451 2983 639 3064 Pythagorici
670 2987 773 3065 vitam,
804 3001 865 3044 non
896 2991 930 3046 ut
961 2983 1157 3047 Nicomachus

144 3073 245 3133 s'enior
278 3091 294 3133 e
321 3071 492 3134 Philostrati
525 3074 576 3134 sed
604 3081 637 3135 ut
664 3073 786 3135 Tascius
809 3073 994 3136 Victorianus
1027 3093 1043 3135 e
1070 3073 1157 3135 Nico·
1172 3093 1198 3134 es

217 3266 230 3313 1
252 3261 365 3316 demum
383 3262 461 3333 vero]
481 3263 515 3329 cf.
533 3262 635 3318 Claud.
650 3263 737 3318 Mam.
749 3279 779 3333 p.
794 3267 841 3332 20,
856 3264 911 3318 9E
922 3265 931 3334 il
945 3269 1056 3320 ttotam
1070 3280 1109 3335 cp.
1124 3265 1164 3322 II

145 3347 195 3387 om.
211 3331 276 3388 ΕΝ
284 3333 338 3388 Vr
350 3336 389 3402 i8
408 3332 560 3388 celebraris
582 3333 623 3404 011
642 3339 675 3387 12
695 3332 907 3389 demosthenem
926 3335 954 3389 P
969 3336 978 3405 li
998 3339 1030 3388 15
1050 3335 1159 3390 alienae

144 3401 285 3457 natalium
298 3405 484 3474 Luetjobann,
503 3405 597 3459 aliena
615 3409 696 3471 (cora.
716 3407 747 3460 io
766 3404 876 3460 alienae
895 3407 954 3475 Ma)
974 3405 1075 3461 talium
1089 3408 1126 3461 M
1131 3407 1158 3472 O,

75 3487 77 3493 ·
144 3472 255 3528 alienae
274 3475 375 3528 talium
394 3476 457 3530 PF
468 3479 477 3547 {i
492 3482 524 3529 19
545 3494 583 3532 ac
601 3492 686 3546 supra
705 3479 831 3533 eeteros?
849 3478 1040 3548 Iacetjohanm
1058 3480 1105 3535 scd
1123 3480 1157 3546 cf.

142 3561 182 3615 ep.
199 3546 257 3614 IX,
271 3552 298 3615 9,
313 3552 349 3602 16
367 3546 452 3617 idque
472 3551 580 3620 suprass
