2610 4056
517 199 669 256 chanun
687 202 720 258 V.
1061 204 1126 268 257

203 368 291 429 quam
314 348 406 412 lorica
431 353 540 432 operit,
564 353 648 413 cuius
672 351 837 412 diademata
860 351 988 412 frontem

204 457 263 500 non
286 439 359 500 luxu
382 439 435 500 sed
459 438 523 518 lege
548 447 664 520 tegunt,
687 442 861 518 meritisque
885 439 1019 502 laborum

165 540 182 589 o
201 535 269 608 post
291 527 418 607 palmam
441 528 567 608 palmata
590 531 684 610 venit3
707 529 814 589 decora
838 531 936 589 omnia
959 533 1045 608 regni

203 617 390 678 accumulant
412 619 508 678 fasces
531 624 561 678 et
582 620 723 697 princeps
747 616 868 679 consule
893 620 1009 680 crescit.

202 714 344 785 personat
365 724 435 785 ergo
459 714 543 768 tuum
567 706 661 788 caelo,
684 725 768 788 rure,
790 706 929 787 urbibus
953 708 1041 769 undis

203 794 339 856 exultans
361 794 480 874 Europa
503 795 626 877 sophoS,
650 796 728 875 quod
751 802 851 856 rector
873 795 1006 877 haberis,

202 886 295 944 victor
319 886 370 964 qui
393 884 500 944 lucras.
547 884 656 966 fateor,
678 883 877 964 trepidaverat
900 884 996 965 orbis,

148 985 182 1034 10
203 973 273 1033 dum
296 991 356 1033 non
379 975 423 1032 vis
447 975 554 1034 vicisse
577 973 633 1034 tihi
655 975 807 1052 nimioque
831 972 957 1054 pudore,

201 1061 280 1142 quod
303 1079 429 1140 regnum
451 1080 598 1143 mereare,
622 1061 704 1123 doles
727 1064 865 1141 tristique
889 1062 1008 1142 repulsa

200 1169 261 1212 non
283 1150 463 1212 moderanda
487 1151 584 1232 subis,
608 1169 683 1230 quae
707 1150 891 1212 defendenda
914 1155 1035 1230 putasti.

246 1239 370 1300 Sederat
393 1247 494 1300 exerto
517 1239 653 1304 bellatrix
676 1247 796 1319 pectore
819 1239 925 1321 Roma,

202 1331 356 1389 cristatum
380 1330 487 1390 turrita
510 1337 611 1410 caput,
635 1331 684 1390 cui
706 1347 783 1408 pone
807 1330 908 1407 capaci

148 1429 180 1478 15
202 1417 316 1478 casside
340 1417 496 1497 prolapsus
519 1418 672 1497 perfundit
694 1425 778 1497 terga
800 1416 931 1496 capillus

199 1504 342 1567 laetitiam
365 1524 492 1568 censura
514 1513 614 1568 manet
636 1514 793 1587 terrorque
817 1506 932 1585 pudore

201 1598 321 1677 crescit,
345 1602 374 1656 et
397 1597 488 1656 invita
513 1602 633 1675 superat
655 1598 764 1657 virtute
788 1601 934 1655 venustas

201 1683 358 1745 ostricolor
380 1683 461 1764 pepli
483 1691 596 1766 tentus,
619 1702 708 1763 quem
732 1683 821 1744 fibula
844 1689 922 1744 torto

200 1774 323 1833 mordax
346 1774 434 1835 dente
458 1773 547 1855 loral3
570 1781 634 1834 tum
658 1773 798 1853 quicquid
821 1790 947 1833 mamma
971 1774 1102 1835 refundit

146 1873 182 1923 20
201 1864 354 1942 tegminis,
377 1862 433 1924 hoc
456 1862 555 1941 patulo
580 1862 731 1924 concludit
753 1879 868 1942 gemma
891 1879 1021 1923 recessu.

200 1950 270 2010 hinc
293 1949 378 2011 fulcit
400 1950 507 2012 rutilus
532 1954 661 2032 spatioso
686 1953 788 2012 circite
811 1950 926 2011 laevum

202 2038 292 2099 umbo
316 2038 406 2120 latus3
429 2040 529 2102 videas
552 2041 601 2102 hic
625 2059 726 2102 crasso
749 2040 815 2102 fusa
837 2038 957 2100 metallo

201 2134 285 2188 antra
307 2127 406 2188 Rheae
430 2128 577 2209 fetamque
600 2129 717 2211 lupam,
741 2147 829 2208 quam
852 2129 936 2189 iauce
960 2134 1072 2189 retecta

201 2215 330 2276 blandiri
353 2235 471 2295 quoquo
494 2225 592 2278 terror
615 2226 691 2300 erat3
715 2235 893 2297 quamquam
916 2216 966 2277 illa
988 2236 1093 2278 vorare

150 2317 184 2366 25
203 2305 381 2384 Martigenas
405 2311 435 2366 et
457 2307 535 2384 picta
558 2309 656 2388 timet;
679 2325 748 2386 pars
772 2309 906 2386 proxima
930 2306 1072 2386 Thybrim

200 2396 353 2475 exprimit3
376 2393 426 2454 hic
450 2393 548 2454 scabri
573 2395 657 2456 lusus
681 2395 736 2456 sub
759 2399 877 2474 pumice
900 2396 952 2454 tofi

200 2483 345 2563 proflabat
367 2482 519 2543 madidum
542 2501 596 2562 per
618 2490 736 2562 guttura
761 2483 863 2561 glauca
886 2501 1040 2565 soporem3

200 2579 304 2651 pectus
327 2571 402 2652 palla
426 2574 513 2654 tegit,
537 2589 626 2650 quam
648 2578 770 2632 neverat
792 2571 845 2632 llia
868 2575 1013 2654 coniunx,

187 2659 326 2740 'liquenti
350 2679 425 2741 quae
448 2663 549 2722 iuncta
572 2668 637 2721 toro
660 2660 722 2721 vult
744 2678 897 2721 murmura
921 2660 1048 2740 lymphis

148 2748 304 2811 adtollere
328 2757 358 2810 et
380 2749 490 2811 undosi
514 2768 650 2811 somnum
675 2767 794 2810 servare
816 2751 924 2809 mariti.

200 2841 258 2899 ista
280 2841 391 2901 micant
414 2838 525 2920 clipeo;
549 2841 649 2918 cuspis
674 2837 757 2899 trabe
781 2841 876 2917 surgit
899 2836 1027 2918 eburna,

202 2927 284 2988 chria
307 2929 397 2988 caede
420 2930 525 2988 vuum.
567 2935 690 3007 propter
712 2925 832 2987 bellona
855 2926 1032 3006 trophaeum

202 3019 329 3077 exstruit
351 3023 381 3078 et
404 3035 547 3095 quercum
571 3019 685 3096 captivo
708 3016 839 3096 pondere
863 3022 972 3076 curvat.

204 3108 358 3185 consurgit
384 3104 491 3166 solium
515 3108 607 3185 saxis,
631 3123 705 3184 quae
729 3122 814 3165 caesa
837 3104 957 3166 rubenti

149 3207 182 3254 35
201 3193 375 3273 Aethiopum
401 3194 437 3254 de
461 3201 560 3255 monte
584 3195 705 3274 cadunt,
728 3193 780 3254 ubi
803 3193 864 3254 sole
887 3195 1054 3273 propinquo

201 3285 297 3344 nativa
322 3290 440 3344 exustas
464 3283 574 3344 afflavit
596 3301 727 3363 purpura
750 3301 849 3361 rupes.

203 3373 337 3450 iungitur
360 3373 407 3433 hic
432 3373 560 3454 Synnas,
582 3371 747 3432 Nomadum
766 3371 841 3450 lapis
864 3371 983 3432 additur
1005 3373 1082 3451 istic,

184 3565 200 3612 6
220 3575 347 3615 crescens
366 3563 404 3616 M
413 3564 422 3631 Ι]
438 3566 470 3614 19
489 3561 565 3617 foret
588 3561 780 3631 Wilamowa‘tz,
798 3563 881 3617 vorat
898 3562 975 3618 codd.
991 3562 1000 3630 d

165 3658 332 3704 Aronnmnnra
347 3662 382 3705 od.
396 3661 482 3704 Mohr.
933 3656 966 3705 17
