<?xml version="1.0" encoding="UTF-8"?>
<!DOCTYPE html PUBLIC "-//W3C//DTD XHTML 1.0 Transitional//EN"
    "http://www.w3.org/TR/xhtml1/DTD/xhtml1-transitional.dtd">
<html xmlns="http://www.w3.org/1999/xhtml" xml:lang="en" lang="en">
 <head>
  <title>
</title>
<meta http-equiv="Content-Type" content="text/html;charset=utf-8" />
  <meta name='ocr-system' content='tesseract 3.04.00' />
  <meta name='ocr-capabilities' content='ocr_page ocr_carea ocr_par ocr_line ocrx_word'/>
</head>
<body>
  <div class='ocr_page' id='page_1' title='image "./csolliusapollin01apolgoog_0097.png"; bbox 0 0 2636 4032; ppageno 0'>
   <div class='ocr_carea' id='block_1_1' title="bbox 160 183 827 247">
    <p class='ocr_par' dir='ltr' id='par_1_1' title="bbox 160 183 827 247">
     <span class='ocr_line' id='line_1_1' title="bbox 160 183 827 247; baseline 0.003 -10"><span class='ocrx_word' id='word_1_1' title='bbox 160 184 203 247; x_wconf 78' lang='grc'><strong>42</strong></span> <span class='ocrx_word' id='word_1_2' title='bbox 506 184 615 238; x_wconf 79' lang='lat' dir='ltr'>LIBER</span> <span class='ocrx_word' id='word_1_3' title='bbox 633 183 827 239; x_wconf 85' lang='lat' dir='ltr'>SECUNDUS.</span> 
     </span>
    </p>
   </div>
   <div class='ocr_carea' id='block_1_2' title="bbox 133 332 1173 862">
    <p class='ocr_par' dir='ltr' id='par_1_2' title="bbox 133 332 1173 862">
     <span class='ocr_line' id='line_1_2' title="bbox 160 332 1171 415; baseline 0 -21"><span class='ocrx_word' id='word_1_4' title='bbox 160 337 240 395; x_wconf 93' lang='lat' dir='ltr'><strong>inter</strong></span> <span class='ocrx_word' id='word_1_5' title='bbox 266 333 399 394; x_wconf 83' lang='lat' dir='ltr'><strong>rotatiles</strong></span> <span class='ocrx_word' id='word_1_6' title='bbox 427 334 696 413; x_wconf 88' lang='lat' dir='ltr'><strong>castastrophamm</strong></span> <span class='ocrx_word' id='word_1_7' title='bbox 724 352 811 413; x_wconf 80' lang='lat' dir='ltr'><strong>gyros</strong></span> <span class='ocrx_word' id='word_1_8' title='bbox 841 332 1080 415; x_wconf 78' lang='lat' dir='ltr'>duplicabantur,</span> <span class='ocrx_word' id='word_1_9' title='bbox 1111 334 1171 394; x_wconf 93' lang='lat' dir='ltr'><strong>hnc</strong></span> 
     </span>
     <span class='ocr_line' id='line_1_3' title="bbox 160 422 1171 503; baseline -0.001 -20"><span class='ocrx_word' id='word_1_10' title='bbox 160 426 240 484; x_wconf 92' lang='lat' dir='ltr'><strong>inter</strong></span> <span class='ocrx_word' id='word_1_11' title='bbox 263 422 469 484; x_wconf 81' lang='lat' dir='ltr'><strong>aleatoriarum</strong></span> <span class='ocrx_word' id='word_1_12' title='bbox 491 441 596 483; x_wconf 88' lang='lat' dir='ltr'><strong>vocum</strong></span> <span class='ocrx_word' id='word_1_13' title='bbox 616 425 841 502; x_wconf 80' lang='lat' dir='ltr'><strong>competitiones</strong></span> <span class='ocrx_word' id='word_1_14' title='bbox 864 423 1004 503; x_wconf 80' lang='lat' dir='ltr'><strong>frequens</strong></span> <span class='ocrx_word' id='word_1_15' title='bbox 1024 425 1171 502; x_wconf 89' lang='lat' dir='ltr'><strong>crepitan-</strong></span> 
     </span>
     <span class='ocr_line' id='line_1_4' title="bbox 161 510 1169 592; baseline -0.001 -19"><span class='ocrx_word' id='word_1_16' title='bbox 161 515 237 573; x_wconf 86' lang='lat' dir='ltr'><strong>tium</strong></span> <span class='ocrx_word' id='word_1_17' title='bbox 265 511 435 572; x_wconf 84' lang='lat' dir='ltr'><strong>fritillorum</strong></span> <span class='ocrx_word' id='word_1_18' title='bbox 462 519 703 591; x_wconf 79' lang='lat' dir='ltr'><strong>tesserarumque</strong></span> <span class='ocrx_word' id='word_1_19' title='bbox 731 515 873 590; x_wconf 91' lang='lat' dir='ltr'><strong>strepitus</strong></span> <span class='ocrx_word' id='word_1_20' title='bbox 897 510 1084 592; x_wconf 80' lang='lat' dir='ltr'><strong>audiebatur3</strong></span> <span class='ocrx_word' id='word_1_21' title='bbox 1111 511 1169 572; x_wconf 91' lang='lat' dir='ltr'><strong>huc</strong></span> 
     </span>
     <span class='ocr_line' id='line_1_5' title="bbox 161 594 1171 684; baseline -0.001 -23"><span class='ocrx_word' id='word_1_22' title='bbox 161 600 231 661; x_wconf 93' lang='lat' dir='ltr'><strong>libri</strong></span> <span class='ocrx_word' id='word_1_23' title='bbox 253 600 364 661; x_wconf 86' lang='lat' dir='ltr'><strong>aliatim</strong></span> <span class='ocrx_word' id='word_1_24' title='bbox 386 603 418 660; x_wconf 93' lang='lat' dir='ltr'><strong>in</strong></span> <span class='ocrx_word' id='word_1_25' title='bbox 440 607 581 680; x_wconf 93' lang='lat' dir='ltr'><strong>promptu</strong></span> <span class='ocrx_word' id='word_1_26' title='bbox 604 594 719 684; x_wconf 85' lang='lat' dir='ltr'><strong>(videre</strong></span> <span class='ocrx_word' id='word_1_27' title='bbox 742 608 772 661; x_wconf 91' lang='lat' dir='ltr'><strong>te</strong></span> <span class='ocrx_word' id='word_1_28' title='bbox 796 601 934 662; x_wconf 81' lang='lat' dir='ltr'><strong>crederes</strong></span> <span class='ocrx_word' id='word_1_29' title='bbox 954 608 1004 662; x_wconf 91' lang='lat' dir='ltr'><strong>aut</strong></span> <span class='ocrx_word' id='word_1_30' title='bbox 1027 618 1171 679; x_wconf 90' lang='lat' dir='ltr'><strong>gramma-</strong></span> 
     </span>
     <span class='ocr_line' id='line_1_6' title="bbox 133 688 1172 769; baseline 0.005 -24"><span class='ocrx_word' id='word_1_31' title='bbox 133 688 263 751; x_wconf 81' lang='lat' dir='ltr'><strong>aticales</strong></span> <span class='ocrx_word' id='word_1_32' title='bbox 290 689 406 769; x_wconf 92' lang='lat' dir='ltr'><strong>pluteos</strong></span> <span class='ocrx_word' id='word_1_33' title='bbox 434 696 485 750; x_wconf 90' lang='lat' dir='ltr'><strong>aut</strong></span> <span class='ocrx_word' id='word_1_34' title='bbox 506 689 649 751; x_wconf 79' lang='lat' dir='ltr'><strong>Athenaei</strong></span> <span class='ocrx_word' id='word_1_35' title='bbox 677 708 787 750; x_wconf 92' lang='lat' dir='ltr'><strong>cuneos</strong></span> <span class='ocrx_word' id='word_1_36' title='bbox 811 697 861 750; x_wconf 91' lang='lat' dir='ltr'><strong>aut</strong></span> <span class='ocrx_word' id='word_1_37' title='bbox 889 692 1014 750; x_wconf 92' lang='lat' dir='ltr'><strong>armaria</strong></span> <span class='ocrx_word' id='word_1_38' title='bbox 1038 695 1172 751; x_wconf 81' lang='lat' dir='ltr'><strong>extructa</strong></span> 
     </span>
     <span class='ocr_line' id='line_1_7' title="bbox 160 771 1173 862; baseline -0.001 -23"><span class='ocrx_word' id='word_1_39' title='bbox 160 771 424 862; x_wconf 81' lang='lat' dir='ltr'><strong>bybliopolarnm):</strong></span> <span class='ocrx_word' id='word_1_40' title='bbox 456 781 499 839; x_wconf 91' lang='lat' dir='ltr'><strong>sic</strong></span> <span class='ocrx_word' id='word_1_41' title='bbox 527 787 639 859; x_wconf 91' lang='lat' dir='ltr'><strong>tamen,</strong></span> <span class='ocrx_word' id='word_1_42' title='bbox 667 779 758 859; x_wconf 90' lang='lat' dir='ltr'><strong>quod,</strong></span> <span class='ocrx_word' id='word_1_43' title='bbox 786 781 837 857; x_wconf 91' lang='lat' dir='ltr'><strong>qni</strong></span> <span class='ocrx_word' id='word_1_44' title='bbox 864 781 943 839; x_wconf 90' lang='lat' dir='ltr'><strong>inter</strong></span> <span class='ocrx_word' id='word_1_45' title='bbox 969 785 1173 839; x_wconf 88' lang='lat' dir='ltr'><strong>matronarum</strong></span> 
     </span>
    </p>
   </div>
   <div class='ocr_carea' id='block_1_3' title="bbox 87 865 1171 3082">
    <p class='ocr_par' dir='ltr' id='par_1_3' title="bbox 161 865 1171 1127">
     <span class='ocr_line' id='line_1_8' title="bbox 161 865 1171 949; baseline 0 -22"><span class='ocrx_word' id='word_1_46' title='bbox 161 867 315 928; x_wconf 85' lang='lat' dir='ltr'><strong>cathedras</strong></span> <span class='ocrx_word' id='word_1_47' title='bbox 339 867 457 928; x_wconf 91' lang='lat' dir='ltr'><strong>codices</strong></span> <span class='ocrx_word' id='word_1_48' title='bbox 480 875 573 948; x_wconf 90' lang='lat' dir='ltr'><strong>erant,</strong></span> <span class='ocrx_word' id='word_1_49' title='bbox 597 867 683 928; x_wconf 89' lang='lat' dir='ltr'><strong>stilus</strong></span> <span class='ocrx_word' id='word_1_50' title='bbox 706 868 752 928; x_wconf 93' lang='lat' dir='ltr'><strong>his</strong></span> <span class='ocrx_word' id='word_1_51' title='bbox 776 867 933 946; x_wconf 90' lang='lat' dir='ltr'><strong>religiosus</strong></span> <span class='ocrx_word' id='word_1_52' title='bbox 955 865 1171 949; x_wconf 86' lang='lat' dir='ltr'><strong>inveniebatur,</strong></span> 
     </span>
     <span class='ocr_line' id='line_1_9' title="bbox 161 955 1171 1038; baseline 0 -22"><span class='ocrx_word' id='word_1_53' title='bbox 161 959 213 1037; x_wconf 93' lang='lat' dir='ltr'><strong>qui</strong></span> <span class='ocrx_word' id='word_1_54' title='bbox 235 975 305 1017; x_wconf 88' lang='lat' dir='ltr'><strong>vero</strong></span> <span class='ocrx_word' id='word_1_55' title='bbox 328 974 382 1036; x_wconf 94' lang='lat' dir='ltr'><strong>per</strong></span> <span class='ocrx_word' id='word_1_56' title='bbox 406 955 546 1017; x_wconf 91' lang='lat' dir='ltr'><strong>subsellia</strong></span> <span class='ocrx_word' id='word_1_57' title='bbox 566 956 819 1038; x_wconf 82' lang='lat' dir='ltr'><strong>patrumfamilias,</strong></span> <span class='ocrx_word' id='word_1_58' title='bbox 842 957 873 1016; x_wconf 94' lang='lat' dir='ltr'><strong>hi</strong></span> <span class='ocrx_word' id='word_1_59' title='bbox 897 963 1020 1017; x_wconf 91' lang='lat' dir='ltr'><strong>coturno</strong></span> <span class='ocrx_word' id='word_1_60' title='bbox 1044 955 1171 1016; x_wconf 92' lang='lat' dir='ltr'><strong>Latiaris</strong></span> 
     </span>
     <span class='ocr_line' id='line_1_10' title="bbox 161 1044 1171 1127; baseline -0.001 -21"><span class='ocrx_word' id='word_1_61' title='bbox 161 1045 273 1124; x_wconf 91' lang='lat' dir='ltr'><strong>eloquii</strong></span> <span class='ocrx_word' id='word_1_62' title='bbox 300 1044 544 1127; x_wconf 83' lang='lat' dir='ltr'><strong>nobilitabantur3</strong></span> <span class='ocrx_word' id='word_1_63' title='bbox 576 1045 646 1106; x_wconf 85' lang='lat' dir='ltr'><strong>licet</strong></span> <span class='ocrx_word' id='word_1_64' title='bbox 674 1051 828 1125; x_wconf 91' lang='lat' dir='ltr'><strong>quaepiam</strong></span> <span class='ocrx_word' id='word_1_65' title='bbox 855 1045 1003 1106; x_wconf 87' lang='lat' dir='ltr'><strong>volumina</strong></span> <span class='ocrx_word' id='word_1_66' title='bbox 1031 1049 1171 1124; x_wconf 62' lang='lat' dir='ltr'><strong>qnorumss</strong></span> 
     </span>
    </p>

    <p class='ocr_par' dir='ltr' id='par_1_4' title="bbox 87 1133 1171 1571">
     <span class='ocr_line' id='line_1_11' title="bbox 121 1133 1171 1214; baseline 0.005 -25"><span class='ocrx_word' id='word_1_67' title='bbox 121 1149 147 1190; x_wconf 78' lang='lat' dir='ltr'><strong>ro</strong></span> <span class='ocrx_word' id='word_1_68' title='bbox 160 1137 240 1214; x_wconf 92' lang='lat' dir='ltr'><strong>piam</strong></span> <span class='ocrx_word' id='word_1_69' title='bbox 259 1141 412 1195; x_wconf 89' lang='lat' dir='ltr'><strong>auctomm</strong></span> <span class='ocrx_word' id='word_1_70' title='bbox 432 1142 583 1195; x_wconf 90' lang='lat' dir='ltr'><strong>servarent</strong></span> <span class='ocrx_word' id='word_1_71' title='bbox 601 1137 633 1194; x_wconf 93' lang='lat' dir='ltr'><strong>in</strong></span> <span class='ocrx_word' id='word_1_72' title='bbox 653 1137 749 1195; x_wconf 91' lang='lat' dir='ltr'><strong>causis</strong></span> <span class='ocrx_word' id='word_1_73' title='bbox 769 1134 937 1214; x_wconf 90' lang='lat' dir='ltr'><strong>disparibus</strong></span> <span class='ocrx_word' id='word_1_74' title='bbox 956 1133 1075 1195; x_wconf 90' lang='lat' dir='ltr'><strong>dicendi</strong></span> <span class='ocrx_word' id='word_1_75' title='bbox 1092 1136 1171 1213; x_wconf 92' lang='lat' dir='ltr'><strong>pari-</strong></span> 
     </span>
     <span class='ocr_line' id='line_1_12' title="bbox 160 1223 1171 1303; baseline 0.001 -21"><span class='ocrx_word' id='word_1_76' title='bbox 160 1223 286 1284; x_wconf 90' lang='lat' dir='ltr'><strong>litatem:</strong></span> <span class='ocrx_word' id='word_1_77' title='bbox 313 1241 381 1283; x_wconf 94' lang='lat' dir='ltr'><strong>nam</strong></span> <span class='ocrx_word' id='word_1_78' title='bbox 409 1223 514 1284; x_wconf 92' lang='lat' dir='ltr'><strong>similis</strong></span> <span class='ocrx_word' id='word_1_79' title='bbox 542 1225 683 1285; x_wconf 85' lang='lat' dir='ltr'><strong>scientiae</strong></span> <span class='ocrx_word' id='word_1_80' title='bbox 707 1225 776 1303; x_wconf 84' lang='lat' dir='ltr'><strong>viri,</strong></span> <span class='ocrx_word' id='word_1_81' title='bbox 805 1223 875 1284; x_wconf 89' lang='lat' dir='ltr'><strong>hinc</strong></span> <span class='ocrx_word' id='word_1_82' title='bbox 897 1224 1078 1302; x_wconf 79' lang='lat' dir='ltr'><strong>Augustinus</strong></span> <span class='ocrx_word' id='word_1_83' title='bbox 1101 1223 1171 1284; x_wconf 92' lang='lat' dir='ltr'><strong>hinc</strong></span> 
     </span>
     <span class='ocr_line' id='line_1_13' title="bbox 87 1297 1171 1399; baseline -0.004 -24"><span class='ocrx_word' id='word_1_84' title='bbox 87 1297 124 1399; x_wconf 27' lang='lat' dir='ltr'><strong>A,</strong></span> <span class='ocrx_word' id='word_1_85' title='bbox 160 1312 261 1393; x_wconf 68' lang='lat' dir='ltr'><strong>Yarro,</strong></span> <span class='ocrx_word' id='word_1_86' title='bbox 280 1313 349 1372; x_wconf 93' lang='lat' dir='ltr'><strong>hinc</strong></span> <span class='ocrx_word' id='word_1_87' title='bbox 368 1311 507 1373; x_wconf 84' lang='lat' dir='ltr'><strong>Horatius</strong></span> <span class='ocrx_word' id='word_1_88' title='bbox 526 1312 596 1373; x_wconf 91' lang='lat' dir='ltr'><strong>hinc</strong></span> <span class='ocrx_word' id='word_1_89' title='bbox 613 1311 794 1374; x_wconf 91' lang='lat' dir='ltr'><strong>Prudentius</strong></span> <span class='ocrx_word' id='word_1_90' title='bbox 811 1311 1028 1373; x_wconf 89' lang='lat' dir='ltr'><strong>lectitabantur.</strong></span> <span class='ocrx_word' id='word_1_91' title='bbox 1051 1309 1080 1374; x_wconf 83' lang='lat'><strong>5.</strong></span> <span class='ocrx_word' id='word_1_92' title='bbox 1096 1329 1171 1391; x_wconf 93' lang='lat' dir='ltr'><strong>quos</strong></span> 
     </span>
     <span class='ocr_line' id='line_1_14' title="bbox 127 1399 1171 1480; baseline 0 -20"><span class='ocrx_word' id='word_1_93' title='bbox 127 1399 239 1461; x_wconf 66' lang='lat' dir='ltr'><strong>u“inter</strong></span> <span class='ocrx_word' id='word_1_94' title='bbox 266 1400 456 1462; x_wconf 76' lang='lat' dir='ltr'><strong>Adamantius</strong></span> <span class='ocrx_word' id='word_1_95' title='bbox 484 1399 628 1480; x_wconf 86' lang='lat' dir='ltr'><strong>Origenes</strong></span> <span class='ocrx_word' id='word_1_96' title='bbox 656 1401 801 1462; x_wconf 87' lang='lat' dir='ltr'><strong>Turranio</strong></span> <span class='ocrx_word' id='word_1_97' title='bbox 824 1401 931 1461; x_wconf 87' lang='lat' dir='ltr'><strong>Rnlino</strong></span> <span class='ocrx_word' id='word_1_98' title='bbox 958 1403 1171 1480; x_wconf 90' lang='lat' dir='ltr'><strong>interpretatus</strong></span> 
     </span>
     <span class='ocr_line' id='line_1_15' title="bbox 161 1488 1171 1571; baseline 0.001 -21"><span class='ocrx_word' id='word_1_99' title='bbox 161 1489 263 1550; x_wconf 90' lang='lat' dir='ltr'><strong>sedulo</strong></span> <span class='ocrx_word' id='word_1_100' title='bbox 296 1490 366 1550; x_wconf 83' lang='lat' dir='ltr'><strong>fidei</strong></span> <span class='ocrx_word' id='word_1_101' title='bbox 392 1497 511 1551; x_wconf 90' lang='lat' dir='ltr'><strong>nostrae</strong></span> <span class='ocrx_word' id='word_1_102' title='bbox 539 1489 701 1551; x_wconf 92' lang='lat' dir='ltr'><strong>lectoribus</strong></span> <span class='ocrx_word' id='word_1_103' title='bbox 728 1488 955 1571; x_wconf 82' lang='lat' dir='ltr'><strong>inspiciebatnr3</strong></span> <span class='ocrx_word' id='word_1_104' title='bbox 987 1493 1100 1568; x_wconf 91' lang='lat' dir='ltr'><strong>pariter</strong></span> <span class='ocrx_word' id='word_1_105' title='bbox 1131 1497 1171 1571; x_wconf 90' lang='lat' dir='ltr'><strong>et,</strong></span> 
     </span>
    </p>

    <p class='ocr_par' dir='ltr' id='par_1_5' title="bbox 121 1578 1171 2015">
     <span class='ocr_line' id='line_1_16' title="bbox 121 1578 1170 1660; baseline -0.001 -21"><span class='ocrx_word' id='word_1_106' title='bbox 121 1592 146 1632; x_wconf 83' lang='lat'><strong>1⁵</strong></span> <span class='ocrx_word' id='word_1_107' title='bbox 160 1585 249 1658; x_wconf 94' lang='lat' dir='ltr'><strong>prout</strong></span> <span class='ocrx_word' id='word_1_108' title='bbox 281 1578 406 1657; x_wconf 89' lang='lat' dir='ltr'><strong>singulis</strong></span> <span class='ocrx_word' id='word_1_109' title='bbox 439 1579 534 1660; x_wconf 90' lang='lat' dir='ltr'><strong>cordi,</strong></span> <span class='ocrx_word' id='word_1_110' title='bbox 565 1579 681 1640; x_wconf 81' lang='lat' dir='ltr'><strong>diversa</strong></span> <span class='ocrx_word' id='word_1_111' title='bbox 705 1585 861 1640; x_wconf 91' lang='lat' dir='ltr'><strong>censentes</strong></span> <span class='ocrx_word' id='word_1_112' title='bbox 890 1578 1170 1660; x_wconf 86' lang='lat' dir='ltr'><strong>sermocinabamur,</strong></span> 
     </span>
     <span class='ocr_line' id='line_1_17' title="bbox 161 1667 1169 1748; baseline 0 -20"><span class='ocrx_word' id='word_1_113' title='bbox 161 1686 214 1728; x_wconf 91' lang='lat' dir='ltr'><strong>cur</strong></span> <span class='ocrx_word' id='word_1_114' title='bbox 238 1687 254 1728; x_wconf 92' lang='lat' dir='ltr'><strong>a</strong></span> <span class='ocrx_word' id='word_1_115' title='bbox 278 1667 454 1747; x_wconf 90' lang='lat' dir='ltr'><strong>quibusdam</strong></span> <span class='ocrx_word' id='word_1_116' title='bbox 476 1674 727 1748; x_wconf 81' lang='lat' dir='ltr'><strong>protomystarum</strong></span> <span class='ocrx_word' id='word_1_117' title='bbox 749 1676 899 1747; x_wconf 92' lang='lat' dir='ltr'><strong>tamquam</strong></span> <span class='ocrx_word' id='word_1_118' title='bbox 923 1686 1044 1728; x_wconf 89' lang='lat' dir='ltr'><strong>scaevus</strong></span> <span class='ocrx_word' id='word_1_119' title='bbox 1064 1686 1169 1728; x_wconf 89' lang='lat' dir='ltr'><strong>caven-</strong></span> 
     </span>
     <span class='ocr_line' id='line_1_18' title="bbox 160 1756 1170 1839; baseline 0 -23"><span class='ocrx_word' id='word_1_120' title='bbox 160 1757 274 1836; x_wconf 92' lang='lat' dir='ltr'><strong>dusque</strong></span> <span class='ocrx_word' id='word_1_121' title='bbox 306 1763 449 1818; x_wconf 89' lang='lat' dir='ltr'><strong>tractator</strong></span> <span class='ocrx_word' id='word_1_122' title='bbox 481 1757 712 1839; x_wconf 81' lang='lat' dir='ltr'><strong>improbaretur,</strong></span> <span class='ocrx_word' id='word_1_123' title='bbox 744 1776 922 1836; x_wconf 92' lang='lat' dir='ltr'><strong>quamquam</strong></span> <span class='ocrx_word' id='word_1_124' title='bbox 955 1759 998 1817; x_wconf 92' lang='lat' dir='ltr'><strong>sic</strong></span> <span class='ocrx_word' id='word_1_125' title='bbox 1028 1764 1107 1818; x_wconf 91' lang='lat' dir='ltr'><strong>esset</strong></span> <span class='ocrx_word' id='word_1_126' title='bbox 1134 1756 1170 1816; x_wconf 95' lang='lat' dir='ltr'><strong>ad</strong></span> 
     </span>
     <span class='ocr_line' id='line_1_19' title="bbox 159 1845 1169 1927; baseline 0.001 -22"><span class='ocrx_word' id='word_1_127' title='bbox 159 1846 283 1907; x_wconf 89' lang='lat' dir='ltr'><strong>verbum</strong></span> <span class='ocrx_word' id='word_1_128' title='bbox 311 1849 546 1926; x_wconf 90' lang='lat' dir='ltr'><strong>sententiamque</strong></span> <span class='ocrx_word' id='word_1_129' title='bbox 574 1845 749 1927; x_wconf 90' lang='lat' dir='ltr'><strong>translatus,</strong></span> <span class='ocrx_word' id='word_1_130' title='bbox 776 1853 809 1907; x_wconf 94' lang='lat' dir='ltr'><strong>ut</strong></span> <span class='ocrx_word' id='word_1_131' title='bbox 836 1865 891 1906; x_wconf 92' lang='lat' dir='ltr'><strong>nec</strong></span> <span class='ocrx_word' id='word_1_132' title='bbox 915 1846 1055 1924; x_wconf 91' lang='lat' dir='ltr'><strong>Apuleius</strong></span> <span class='ocrx_word' id='word_1_133' title='bbox 1078 1845 1169 1906; x_wconf 90' lang='lat' dir='ltr'><strong>Phae-</strong></span> 
     </span>
     <span class='ocr_line' id='line_1_20' title="bbox 160 1933 1171 2015; baseline 0 -21"><span class='ocrx_word' id='word_1_134' title='bbox 160 1935 267 1996; x_wconf 92' lang='lat' dir='ltr'><strong>donem</strong></span> <span class='ocrx_word' id='word_1_135' title='bbox 291 1937 334 1996; x_wconf 91' lang='lat' dir='ltr'><strong>sic</strong></span> <span class='ocrx_word' id='word_1_136' title='bbox 356 1935 487 1996; x_wconf 91' lang='lat' dir='ltr'><strong>Platonis</strong></span> <span class='ocrx_word' id='word_1_137' title='bbox 509 1953 607 2014; x_wconf 92' lang='lat' dir='ltr'><strong>neque</strong></span> <span class='ocrx_word' id='word_1_138' title='bbox 626 1934 739 1995; x_wconf 90' lang='lat' dir='ltr'><strong>Tullius</strong></span> <span class='ocrx_word' id='word_1_139' title='bbox 759 1934 980 2015; x_wconf 83' lang='lat' dir='ltr'><strong>Ctesiphontem</strong></span> <span class='ocrx_word' id='word_1_140' title='bbox 1004 1936 1047 1995; x_wconf 95' lang='lat' dir='ltr'><strong>sic</strong></span> <span class='ocrx_word' id='word_1_141' title='bbox 1065 1933 1171 1994; x_wconf 86' lang='lat' dir='ltr'><strong>Demo-</strong></span> 
     </span>
    </p>

    <p class='ocr_par' dir='ltr' id='par_1_6' title="bbox 88 2023 1170 2905">
     <span class='ocr_line' id='line_1_21' title="bbox 120 2023 1170 2104; baseline 0.006 -26"><span class='ocrx_word' id='word_1_142' title='bbox 120 2038 147 2078; x_wconf 83' lang='lat' dir='ltr'><strong>so</strong></span> <span class='ocrx_word' id='word_1_143' title='bbox 161 2025 275 2084; x_wconf 92' lang='lat' dir='ltr'><strong>sthenis</strong></span> <span class='ocrx_word' id='word_1_144' title='bbox 293 2026 325 2084; x_wconf 94' lang='lat' dir='ltr'><strong>in</strong></span> <span class='ocrx_word' id='word_1_145' title='bbox 339 2043 426 2084; x_wconf 93' lang='lat' dir='ltr'><strong>usum</strong></span> <span class='ocrx_word' id='word_1_146' title='bbox 441 2023 632 2104; x_wconf 82' lang='lat' dir='ltr'><strong>regulamque</strong></span> <span class='ocrx_word' id='word_1_147' title='bbox 646 2023 771 2084; x_wconf 87' lang='lat' dir='ltr'><strong>Romani</strong></span> <span class='ocrx_word' id='word_1_148' title='bbox 785 2025 932 2085; x_wconf 91' lang='lat' dir='ltr'><strong>sermonis</strong></span> <span class='ocrx_word' id='word_1_149' title='bbox 947 2025 1170 2102; x_wconf 83' lang='lat' dir='ltr'><strong>exscripserint.</strong></span> 
     </span>
     <span class='ocr_line' id='line_1_22' title="bbox 161 2111 1170 2194; baseline -0.002 -20"><span class='ocrx_word' id='word_1_150' title='bbox 161 2111 189 2174; x_wconf 84' lang='lat'><strong>6.</strong></span> <span class='ocrx_word' id='word_1_151' title='bbox 210 2113 316 2173; x_wconf 90' lang='lat' dir='ltr'><strong>studiis</strong></span> <span class='ocrx_word' id='word_1_152' title='bbox 334 2112 416 2174; x_wconf 91' lang='lat' dir='ltr'><strong>hisce</strong></span> <span class='ocrx_word' id='word_1_153' title='bbox 436 2113 506 2173; x_wconf 92' lang='lat' dir='ltr'><strong>dum</strong></span> <span class='ocrx_word' id='word_1_154' title='bbox 520 2120 656 2173; x_wconf 92' lang='lat' dir='ltr'><strong>nostrum</strong></span> <span class='ocrx_word' id='word_1_155' title='bbox 671 2112 781 2192; x_wconf 86' lang='lat' dir='ltr'><strong>singuli</strong></span> <span class='ocrx_word' id='word_1_156' title='bbox 796 2115 914 2193; x_wconf 93' lang='lat' dir='ltr'><strong>quique,</strong></span> <span class='ocrx_word' id='word_1_157' title='bbox 932 2119 1021 2192; x_wconf 92' lang='lat' dir='ltr'><strong>prout</strong></span> <span class='ocrx_word' id='word_1_158' title='bbox 1034 2111 1170 2194; x_wconf 89' lang='lat' dir='ltr'><strong>libuerat,</strong></span> 
     </span>
     <span class='ocr_line' id='line_1_23' title="bbox 160 2201 1169 2282; baseline 0.001 -22"><span class='ocrx_word' id='word_1_159' title='bbox 160 2201 389 2282; x_wconf 90' lang='lat' dir='ltr'><strong>occupabantur,</strong></span> <span class='ocrx_word' id='word_1_160' title='bbox 408 2220 477 2263; x_wconf 88' lang='lat' dir='ltr'><strong>ecce</strong></span> <span class='ocrx_word' id='word_1_161' title='bbox 493 2209 522 2263; x_wconf 91' lang='lat' dir='ltr'><strong>et</strong></span> <span class='ocrx_word' id='word_1_162' title='bbox 536 2201 572 2262; x_wconf 92' lang='lat' dir='ltr'><strong>ab</strong></span> <span class='ocrx_word' id='word_1_163' title='bbox 587 2202 784 2281; x_wconf 88' lang='lat' dir='ltr'><strong>archimagiro</strong></span> <span class='ocrx_word' id='word_1_164' title='bbox 798 2202 967 2282; x_wconf 86' lang='lat' dir='ltr'><strong>adventans,</strong></span> <span class='ocrx_word' id='word_1_165' title='bbox 987 2203 1038 2280; x_wconf 92' lang='lat' dir='ltr'><strong>qni</strong></span> <span class='ocrx_word' id='word_1_166' title='bbox 1051 2208 1169 2280; x_wconf 90' lang='lat' dir='ltr'><strong>tempus</strong></span> 
     </span>
     <span class='ocr_line' id='line_1_24' title="bbox 160 2290 1170 2372; baseline 0.001 -22"><span class='ocrx_word' id='word_1_167' title='bbox 160 2292 272 2350; x_wconf 90' lang='lat' dir='ltr'><strong>instare</strong></span> <span class='ocrx_word' id='word_1_168' title='bbox 301 2290 424 2351; x_wconf 92' lang='lat' dir='ltr'><strong>curandi</strong></span> <span class='ocrx_word' id='word_1_169' title='bbox 452 2309 575 2370; x_wconf 91' lang='lat' dir='ltr'><strong>corpora</strong></span> <span class='ocrx_word' id='word_1_170' title='bbox 602 2297 750 2372; x_wconf 91' lang='lat' dir='ltr'><strong>moneret,</strong></span> <span class='ocrx_word' id='word_1_171' title='bbox 778 2309 867 2371; x_wconf 90' lang='lat' dir='ltr'><strong>quem</strong></span> <span class='ocrx_word' id='word_1_172' title='bbox 890 2290 1009 2370; x_wconf 90' lang='lat' dir='ltr'><strong>quidem</strong></span> <span class='ocrx_word' id='word_1_173' title='bbox 1032 2292 1170 2351; x_wconf 92' lang='lat' dir='ltr'><strong>nuntium</strong></span> 
     </span>
     <span class='ocr_line' id='line_1_25' title="bbox 160 2379 1170 2459; baseline -0.001 -20"><span class='ocrx_word' id='word_1_174' title='bbox 160 2396 215 2456; x_wconf 91' lang='lat' dir='ltr'><strong>per</strong></span> <span class='ocrx_word' id='word_1_175' title='bbox 238 2381 331 2458; x_wconf 91' lang='lat' dir='ltr'><strong>spatia</strong></span> <span class='ocrx_word' id='word_1_176' title='bbox 355 2379 525 2459; x_wconf 79' lang='lat' dir='ltr'><strong>clepsydrae</strong></span> <span class='ocrx_word' id='word_1_177' title='bbox 548 2379 689 2440; x_wconf 91' lang='lat' dir='ltr'><strong>horarum</strong></span> <span class='ocrx_word' id='word_1_178' title='bbox 712 2382 897 2441; x_wconf 89' lang='lat' dir='ltr'><strong>incrementa</strong></span> <span class='ocrx_word' id='word_1_179' title='bbox 916 2387 1082 2440; x_wconf 85' lang='lat' dir='ltr'><strong>servantem</strong></span> <span class='ocrx_word' id='word_1_180' title='bbox 1100 2397 1170 2458; x_wconf 95' lang='lat' dir='ltr'><strong>pro-</strong></span> 
     </span>
     <span class='ocr_line' id='line_1_26' title="bbox 120 2466 1170 2548; baseline 0.004 -24"><span class='ocrx_word' id='word_1_181' title='bbox 120 2466 247 2546; x_wconf 82' lang='lat' dir='ltr'><strong>asbabat</strong></span> <span class='ocrx_word' id='word_1_182' title='bbox 275 2475 477 2547; x_wconf 89' lang='lat' dir='ltr'><strong>competenter</strong></span> <span class='ocrx_word' id='word_1_183' title='bbox 504 2471 673 2547; x_wconf 86' lang='lat' dir='ltr'><strong>ingressum</strong></span> <span class='ocrx_word' id='word_1_184' title='bbox 700 2471 802 2547; x_wconf 92' lang='lat' dir='ltr'><strong>quinta</strong></span> <span class='ocrx_word' id='word_1_185' title='bbox 829 2469 1007 2548; x_wconf 89' lang='lat' dir='ltr'><strong>digrediens.</strong></span> <span class='ocrx_word' id='word_1_186' title='bbox 1043 2467 1170 2547; x_wconf 92' lang='lat' dir='ltr'><strong>prande-</strong></span> 
     </span>
     <span class='ocr_line' id='line_1_27' title="bbox 99 2539 1170 2638; baseline 0.005 -25"><span class='ocrx_word' id='word_1_187' title='bbox 99 2539 142 2612; x_wconf 74' lang='lat' dir='ltr'><em>s</em></span> <span class='ocrx_word' id='word_1_188' title='bbox 159 2555 264 2616; x_wconf 92' lang='lat' dir='ltr'><strong>bamus</strong></span> <span class='ocrx_word' id='word_1_189' title='bbox 282 2556 412 2618; x_wconf 88' lang='lat' dir='ltr'><strong>breviter</strong></span> <span class='ocrx_word' id='word_1_190' title='bbox 431 2560 559 2638; x_wconf 89' lang='lat' dir='ltr'><strong>copiose,</strong></span> <span class='ocrx_word' id='word_1_191' title='bbox 579 2559 760 2618; x_wconf 91' lang='lat' dir='ltr'><strong>senatorium</strong></span> <span class='ocrx_word' id='word_1_192' title='bbox 776 2558 812 2618; x_wconf 90' lang='lat' dir='ltr'><strong>ad</strong></span> <span class='ocrx_word' id='word_1_193' title='bbox 827 2576 950 2637; x_wconf 91' lang='lat' dir='ltr'><strong>morem,</strong></span> <span class='ocrx_word' id='word_1_194' title='bbox 968 2574 1027 2637; x_wconf 93' lang='lat' dir='ltr'><strong>quo</strong></span> <span class='ocrx_word' id='word_1_195' title='bbox 1046 2559 1170 2618; x_wconf 90' lang='lat' dir='ltr'><strong>insitum</strong></span> 
     </span>
     <span class='ocr_line' id='line_1_28' title="bbox 88 2613 1170 2727; baseline 0.001 -22"><span class='ocrx_word' id='word_1_196' title='bbox 88 2613 101 2712; x_wconf 66' lang='lat' dir='ltr'><strong>A</strong></span> <span class='ocrx_word' id='word_1_197' title='bbox 159 2647 387 2725; x_wconf 91' lang='lat' dir='ltr'><strong>institutumque</strong></span> <span class='ocrx_word' id='word_1_198' title='bbox 414 2646 522 2707; x_wconf 92' lang='lat' dir='ltr'><strong>multas</strong></span> <span class='ocrx_word' id='word_1_199' title='bbox 554 2646 656 2726; x_wconf 92' lang='lat' dir='ltr'><strong>epulas</strong></span> <span class='ocrx_word' id='word_1_200' title='bbox 683 2649 787 2726; x_wconf 88' lang='lat' dir='ltr'><strong>paucis</strong></span> <span class='ocrx_word' id='word_1_201' title='bbox 813 2645 1020 2726; x_wconf 91' lang='lat' dir='ltr'><strong>parabsidibus</strong></span> <span class='ocrx_word' id='word_1_202' title='bbox 1052 2649 1170 2727; x_wconf 93' lang='lat' dir='ltr'><strong>apponi,</strong></span> 
     </span>
     <span class='ocr_line' id='line_1_29' title="bbox 160 2734 1169 2815; baseline 0.001 -20"><span class='ocrx_word' id='word_1_203' title='bbox 160 2737 294 2813; x_wconf 90' lang='lat' dir='ltr'><strong>quamvis</strong></span> <span class='ocrx_word' id='word_1_204' title='bbox 322 2737 489 2796; x_wconf 84' lang='lat' dir='ltr'><strong>convivium</strong></span> <span class='ocrx_word' id='word_1_205' title='bbox 515 2753 570 2815; x_wconf 91' lang='lat' dir='ltr'><strong>per</strong></span> <span class='ocrx_word' id='word_1_206' title='bbox 597 2734 693 2796; x_wconf 91' lang='lat' dir='ltr'><strong>edulia</strong></span> <span class='ocrx_word' id='word_1_207' title='bbox 720 2754 800 2796; x_wconf 93' lang='lat' dir='ltr'><strong>nunc</strong></span> <span class='ocrx_word' id='word_1_208' title='bbox 828 2754 892 2796; x_wconf 88' lang='lat' dir='ltr'><strong>assa</strong></span> <span class='ocrx_word' id='word_1_209' title='bbox 917 2754 997 2796; x_wconf 93' lang='lat' dir='ltr'><strong>nunc</strong></span> <span class='ocrx_word' id='word_1_210' title='bbox 1020 2734 1169 2796; x_wconf 92' lang='lat' dir='ltr'><strong>iurulenta</strong></span> 
     </span>
     <span class='ocr_line' id='line_1_30' title="bbox 158 2824 1170 2905; baseline 0.002 -22"><span class='ocrx_word' id='word_1_211' title='bbox 158 2826 297 2885; x_wconf 81' lang='lat' dir='ltr'><strong>varietur.</strong></span> <span class='ocrx_word' id='word_1_212' title='bbox 334 2827 413 2885; x_wconf 92' lang='lat' dir='ltr'><strong>inter</strong></span> <span class='ocrx_word' id='word_1_213' title='bbox 438 2824 601 2885; x_wconf 92' lang='lat' dir='ltr'><strong>bibendum</strong></span> <span class='ocrx_word' id='word_1_214' title='bbox 623 2824 874 2905; x_wconf 88' lang='lat' dir='ltr'><strong>narratiunculae,</strong></span> <span class='ocrx_word' id='word_1_215' title='bbox 902 2842 1027 2904; x_wconf 92' lang='lat' dir='ltr'><strong>quarum</strong></span> <span class='ocrx_word' id='word_1_216' title='bbox 1050 2826 1170 2903; x_wconf 89' lang='lat' dir='ltr'><strong>cognitu</strong></span> 
     </span>
    </p>

    <p class='ocr_par' dir='ltr' id='par_1_7' title="bbox 120 2912 1170 3082">
     <span class='ocr_line' id='line_1_31' title="bbox 120 2912 1170 2994; baseline 0.006 -27"><span class='ocrx_word' id='word_1_217' title='bbox 120 2927 146 2967; x_wconf 81' lang='lat' dir='ltr'><strong>oo</strong></span> <span class='ocrx_word' id='word_1_218' title='bbox 159 2912 355 2974; x_wconf 90' lang='lat' dir='ltr'><strong>hilararemur</strong></span> <span class='ocrx_word' id='word_1_219' title='bbox 373 2915 607 2994; x_wconf 91' lang='lat' dir='ltr'><strong>institueremur,</strong></span> <span class='ocrx_word' id='word_1_220' title='bbox 627 2915 695 2991; x_wconf 92' lang='lat' dir='ltr'><strong>quia</strong></span> <span class='ocrx_word' id='word_1_221' title='bbox 714 2932 764 2974; x_wconf 89' lang='lat' dir='ltr'><strong>eas</strong></span> <span class='ocrx_word' id='word_1_222' title='bbox 778 2913 914 2974; x_wconf 86' lang='lat' dir='ltr'><strong>bilariam</strong></span> <span class='ocrx_word' id='word_1_223' title='bbox 929 2913 1039 2974; x_wconf 93' lang='lat' dir='ltr'><strong>orditas</strong></span> <span class='ocrx_word' id='word_1_224' title='bbox 1058 2913 1170 2975; x_wconf 93' lang='lat' dir='ltr'><strong>laetitia</strong></span> 
     </span>
     <span class='ocr_line' id='line_1_32' title="bbox 160 2999 1169 3082; baseline 0 -20"><span class='ocrx_word' id='word_1_225' title='bbox 160 3005 324 3082; x_wconf 93' lang='lat' dir='ltr'><strong>peritiaque</strong></span> <span class='ocrx_word' id='word_1_226' title='bbox 349 3001 572 3063; x_wconf 92' lang='lat' dir='ltr'><strong>comitabantur.</strong></span> <span class='ocrx_word' id='word_1_227' title='bbox 611 3001 682 3082; x_wconf 92' lang='lat' dir='ltr'><strong>quid</strong></span> <span class='ocrx_word' id='word_1_228' title='bbox 705 2999 820 3064; x_wconf 83' lang='lat' dir='ltr'><strong>multa?</strong></span> <span class='ocrx_word' id='word_1_229' title='bbox 857 3008 958 3064; x_wconf 89' lang='lat' dir='ltr'><strong>sancte</strong></span> <span class='ocrx_word' id='word_1_230' title='bbox 976 3002 1099 3082; x_wconf 91' lang='lat' dir='ltr'><strong>pulchre</strong></span> <span class='ocrx_word' id='word_1_231' title='bbox 1119 3001 1169 3062; x_wconf 90' lang='lat' dir='ltr'><strong>ab·</strong></span> 
     </span>
    </p>
   </div>
   <div class='ocr_carea' id='block_1_4' title="bbox 121 3090 1170 3212">
    <p class='ocr_par' dir='ltr' id='par_1_8' title="bbox 121 3090 1170 3212">
     <span class='ocr_line' id='line_1_33' title="bbox 121 3090 1170 3212; baseline 0.002 -62"><span class='ocrx_word' id='word_1_232' title='bbox 121 3091 306 3212; x_wconf 38' lang='lat' dir='ltr'><strong>kundanter</strong></span> <span class='ocrx_word' id='word_1_233' title='bbox 334 3091 559 3171; x_wconf 89' lang='lat' dir='ltr'><strong>accipiebamur.</strong></span> <span class='ocrx_word' id='word_1_234' title='bbox 608 3090 635 3152; x_wconf 78' lang='lat'><strong>7.</strong></span> <span class='ocrx_word' id='word_1_235' title='bbox 663 3091 732 3152; x_wconf 92' lang='lat' dir='ltr'><strong>inde</strong></span> <span class='ocrx_word' id='word_1_236' title='bbox 761 3098 930 3172; x_wconf 86' lang='lat' dir='ltr'><strong>surgentes,</strong></span> <span class='ocrx_word' id='word_1_237' title='bbox 958 3094 984 3152; x_wconf 90' lang='lat' dir='ltr'><strong>si</strong></span> <span class='ocrx_word' id='word_1_238' title='bbox 1012 3091 1170 3171; x_wconf 90' lang='lat' dir='ltr'><strong>Vorocingi</strong></span> 
     </span>
    </p>
   </div>
   <div class='ocr_carea' id='block_1_5' title="bbox 159 3261 1171 3616">
    <p class='ocr_par' dir='ltr' id='par_1_9' title="bbox 159 3261 1171 3616">
     <span class='ocr_line' id='line_1_34' title="bbox 233 3261 1171 3334; baseline 0.002 -20"><span class='ocrx_word' id='word_1_239' title='bbox 233 3269 246 3314; x_wconf 94' lang='lat'>1</span> <span class='ocrx_word' id='word_1_240' title='bbox 265 3261 320 3316; x_wconf 87' lang='lat' dir='ltr'><strong>hac</strong></span> <span class='ocrx_word' id='word_1_241' title='bbox 338 3263 462 3332; x_wconf 67' lang='lat' dir='ltr'><strong>idacio</strong></span> <span class='ocrx_word' id='word_1_242' title='bbox 481 3263 535 3317; x_wconf 90' lang='lat' dir='ltr'><strong>hac</strong></span> <span class='ocrx_word' id='word_1_243' title='bbox 554 3264 677 3331; x_wconf 67' lang='grc'><strong>1111111118</strong></span> <span class='ocrx_word' id='word_1_244' title='bbox 696 3261 739 3334; x_wconf 89' lang='lat' dir='ltr'><strong>hi]</strong></span> <span class='ocrx_word' id='word_1_245' title='bbox 758 3261 780 3315; x_wconf 90' lang='lat' dir='ltr'><strong>ii</strong></span> <span class='ocrx_word' id='word_1_246' title='bbox 797 3262 847 3332; x_wconf 72' lang='lat' dir='ltr'><strong>llll</strong></span> <span class='ocrx_word' id='word_1_247' title='bbox 862 3267 895 3317; x_wconf 80' lang='lat'><strong>15</strong></span> <span class='ocrx_word' id='word_1_248' title='bbox 915 3261 1171 3317; x_wconf 88' lang='lat' dir='ltr'><strong>sermocinabamur</strong></span> 
     </span>
     <span class='ocr_line' id='line_1_35' title="bbox 160 3331 1169 3404; baseline 0.002 -18"><span class='ocrx_word' id='word_1_249' title='bbox 160 3331 233 3402; x_wconf 80' lang='lat' dir='ltr'><strong>Lm,</strong></span> <span class='ocrx_word' id='word_1_250' title='bbox 253 3333 512 3387; x_wconf 86' lang='lat' dir='ltr'><strong>sermocinabantur</strong></span> <span class='ocrx_word' id='word_1_251' title='bbox 525 3334 560 3388; x_wconf 88' lang='lat' dir='ltr'><em>N</em></span> <span class='ocrx_word' id='word_1_252' title='bbox 562 3332 615 3388; x_wconf 81' lang='lat' dir='ltr'><strong>OT</strong></span> <span class='ocrx_word' id='word_1_253' title='bbox 626 3339 635 3400; x_wconf 87' lang='grc' dir='ltr'><strong>ΙΙ</strong></span> <span class='ocrx_word' id='word_1_254' title='bbox 652 3340 683 3388; x_wconf 84' lang='grc'><strong>19</strong></span> <span class='ocrx_word' id='word_1_255' title='bbox 703 3333 743 3388; x_wconf 87' lang='lat' dir='ltr'><strong>sic</strong></span> <span class='ocrx_word' id='word_1_256' title='bbox 758 3333 964 3404; x_wconf 84' lang='lat' dir='ltr'><strong>ctesiphontem</strong></span> <span class='ocrx_word' id='word_1_257' title='bbox 981 3333 1004 3388; x_wconf 81' lang='grc'><em>0</em></span> <span class='ocrx_word' id='word_1_258' title='bbox 1013 3336 1023 3400; x_wconf 70' lang='lat' dir='ltr'><strong>l</strong></span> <span class='ocrx_word' id='word_1_259' title='bbox 1036 3339 1070 3386; x_wconf 83' lang='lat'><strong>26</strong></span> <span class='ocrx_word' id='word_1_260' title='bbox 1090 3350 1169 3388; x_wconf 81' lang='lat' dir='ltr'><strong>sena-</strong></span> 
     </span>
     <span class='ocr_line' id='line_1_36' title="bbox 159 3402 1168 3476; baseline 0.002 -20"><span class='ocrx_word' id='word_1_261' title='bbox 159 3402 276 3474; x_wconf 83' lang='lat' dir='ltr'><strong>torium]</strong></span> <span class='ocrx_word' id='word_1_262' title='bbox 296 3404 437 3459; x_wconf 88' lang='lat' dir='ltr'><strong>seniorum</strong></span> <span class='ocrx_word' id='word_1_263' title='bbox 457 3403 561 3476; x_wconf 66' lang='lat' dir='ltr'><strong>Fertiq</strong></span> <span class='ocrx_word' id='word_1_264' title='bbox 581 3404 718 3459; x_wconf 86' lang='lat' dir='ltr'><strong>Saliarem</strong></span> <span class='ocrx_word' id='word_1_265' title='bbox 738 3406 903 3474; x_wconf 73' lang='lat' dir='ltr'><strong>Goetofsaoo</strong></span> <span class='ocrx_word' id='word_1_266' title='bbox 924 3408 934 3472; x_wconf 91' lang='grc' dir='ltr'><strong>ΙΙ</strong></span> <span class='ocrx_word' id='word_1_267' title='bbox 958 3410 992 3458; x_wconf 79' lang='grc'><strong>27</strong></span> <span class='ocrx_word' id='word_1_268' title='bbox 1010 3403 1168 3472; x_wconf 86' lang='lat' dir='ltr'><strong>parabsidi-</strong></span> 
     </span>
     <span class='ocr_line' id='line_1_37' title="bbox 159 3473 1169 3546; baseline 0.003 -19"><span class='ocrx_word' id='word_1_269' title='bbox 159 3473 212 3528; x_wconf 91' lang='lat' dir='ltr'><strong>bus</strong></span> <span class='ocrx_word' id='word_1_270' title='bbox 230 3474 334 3544; x_wconf 81' lang='lat' dir='ltr'><strong>LVM,</strong></span> <span class='ocrx_word' id='word_1_271' title='bbox 354 3473 549 3544; x_wconf 83' lang='lat' dir='ltr'><strong>paropsidibus</strong></span> <span class='ocrx_word' id='word_1_272' title='bbox 570 3476 623 3530; x_wconf 81' lang='lat' dir='ltr'><strong>OT</strong></span> <span class='ocrx_word' id='word_1_273' title='bbox 643 3479 653 3546; x_wconf 78' lang='grc' dir='ltr'><strong>ΙΙ</strong></span> <span class='ocrx_word' id='word_1_274' title='bbox 680 3483 714 3530; x_wconf 76' lang='lat'><strong>29</strong></span> <span class='ocrx_word' id='word_1_275' title='bbox 734 3476 891 3531; x_wconf 84' lang='lat' dir='ltr'><strong>variaretur</strong></span> <span class='ocrx_word' id='word_1_276' title='bbox 910 3476 936 3530; x_wconf 89' lang='grc' dir='ltr'><em>Τ</em></span> <span class='ocrx_word' id='word_1_277' title='bbox 960 3479 970 3546; x_wconf 71' lang='lat' dir='ltr'><strong>l</strong></span> <span class='ocrx_word' id='word_1_278' title='bbox 997 3475 1169 3530; x_wconf 73' lang='grc'><strong>3011111111-</strong></span> 
     </span>
     <span class='ocr_line' id='line_1_38' title="bbox 159 3545 1168 3616; baseline 0.003 -18"><span class='ocrx_word' id='word_1_279' title='bbox 159 3561 253 3598; x_wconf 88' lang='lat' dir='ltr'><strong>remur</strong></span> <span class='ocrx_word' id='word_1_280' title='bbox 272 3546 298 3599; x_wconf 84' lang='lat' dir='ltr'><em>T</em></span> <span class='ocrx_word' id='word_1_281' title='bbox 321 3549 331 3616; x_wconf 84' lang='grc' dir='ltr'><strong>ΙΙ</strong></span> <span class='ocrx_word' id='word_1_282' title='bbox 359 3551 391 3599; x_wconf 80' lang='grc'><strong>32</strong></span> <span class='ocrx_word' id='word_1_283' title='bbox 411 3545 556 3616; x_wconf 68' lang='lat' dir='ltr'><strong>Vorocingi</strong></span> <span class='ocrx_word' id='word_1_284' title='bbox 579 3546 642 3600; x_wconf 89' lang='lat' dir='ltr'><strong>LN</strong></span> <span class='ocrx_word' id='word_1_285' title='bbox 647 3546 673 3600; x_wconf 84' lang='lat' dir='ltr'><em>T</em></span> <span class='ocrx_word' id='word_1_286' title='bbox 690 3551 770 3614; x_wconf 84' lang='lat' dir='ltr'><strong>(corr.</strong></span> <span class='ocrx_word' id='word_1_287' title='bbox 790 3563 823 3602; x_wconf 79' lang='lat' dir='ltr'><strong>eac</strong></span> <span class='ocrx_word' id='word_1_288' title='bbox 846 3545 983 3616; x_wconf 84' lang='lat' dir='ltr'><strong>voroangi</strong></span> <span class='ocrx_word' id='word_1_289' title='bbox 1003 3547 1065 3615; x_wconf 50' lang='grc' dir='ltr'><strong>Τί),</strong></span> <span class='ocrx_word' id='word_1_290' title='bbox 1088 3563 1168 3602; x_wconf 82' lang='lat' dir='ltr'><strong>voro-</strong></span> 
     </span>
    </p>
   </div>
   <div class='ocr_carea' id='block_1_6' title="bbox 0 0 1324 4032">
    <p class='ocr_par' dir='ltr' id='par_1_10' title="bbox 0 0 1324 4032">
     <span class='ocr_line' id='line_1_39' title="bbox 0 0 1324 4032; baseline 0 0"><span class='ocrx_word' id='word_1_291' title='bbox 0 0 1324 4032; x_wconf 95' lang='lat' dir='ltr'><strong> </strong></span> 
     </span>
    </p>
   </div>
  </div>
 </body>
</html>
