2610 4056
350 208 519 266 SIDONIUS
538 209 633 264 LUPO
654 207 722 263 SUO
742 206 913 262 SALUTEM
1079 206 1142 271 193

69 425 70 428 ,
126 361 293 424 stellatione
326 361 529 440 percontantis
559 360 693 436 inspecta
721 358 834 436 pariter
859 371 975 417 ‘annum
1009 373 1143 418 mensem

49 436 55 450 ’
125 451 265 529 diemque
285 448 432 530 dixerunt,
451 465 535 528 quos,
553 454 587 508 ut
604 445 694 506 verbo
713 445 880 506 matheseos
899 452 974 526 utar,
993 444 1142 506 climacte-

126 543 206 600 ricos
230 545 310 599 esset
332 536 501 618 habiturus,
524 542 626 615 utpote
650 535 758 614 quibus
781 534 910 595 themate
934 533 1031 595 oblato
1057 535 1142 614 quasi

126 628 334 707 sanguinariae
349 627 502 704 geniturae
518 625 637 686 schema
651 626 805 703 patuisset,
820 624 889 702 quia
903 622 1041 685 videlicet
1054 624 1143 684 amici

127 718 277 779 nascentis
296 732 383 795 anno,
403 731 619 794 quemcumque
637 711 813 774 clementem
832 713 1048 791 planetIcorum
1064 713 1142 773 side·
1169 735 1183 776 s
1295 702 1296 706 ¹

128 823 197 866 rum
220 804 339 884 globum
357 805 389 863 in
408 803 581 863 diastemata
598 801 717 862 zodiaca
739 819 865 881 prosper
889 809 971 864 ortus
996 809 1143 884 erexerat,

127 895 207 956 hunc
235 896 267 954 in
295 911 402 953 occasu
425 894 558 952 cruentis
581 889 700 970 ignibus
723 890 949 952 inrubescentes
973 908 1027 951 seu
1055 910 1145 972 super

128 983 276 1044 diametro
291 981 457 1042 Mercurius
475 979 635 1059 asyndetus
650 997 703 1040 seu
722 998 812 1059 super
830 987 984 1061 tetragono
1000 978 1145 1043 Saturnus

129 1070 322 1150 retrogradus
350 1088 402 1130 scu
427 1087 517 1149 super
540 1075 642 1129 centro
665 1067 743 1130 Mars
762 1072 1007 1148 apocatastaticus
1026 1089 1146 1132 exacer-

129 1161 259 1222 bassent.
307 1156 357 1220 10.
387 1159 439 1219 sed
463 1158 499 1218 dc
522 1158 584 1239 his,
613 1159 639 1218 si
663 1175 720 1236 qua
742 1158 788 1219 vel
812 1161 1041 1238 quoquomodo
1066 1166 1144 1240 sunt,
1159 1182 1186 1222 ro

131 1266 311 1328 quamquam
344 1250 404 1309 sint
434 1265 573 1308 maxume
605 1245 678 1306 falsa
710 1247 835 1327 ideoque
859 1248 1001 1330 fallentia,
1026 1248 1146 1328 siquid

131 1337 249 1417 plenius
272 1336 464 1418 planiusque,
491 1337 603 1396 rectius
631 1353 744 1416 coram,
772 1336 842 1397 licet
866 1345 895 1397 et
918 1341 982 1418 ipsc
1006 1338 1146 1399 arIthme-

131 1429 208 1488 ticae
228 1425 347 1488 studeas
367 1432 404 1506 et,
424 1444 499 1504 quae
518 1422 672 1502 diligentia
686 1431 745 1505 tua,
759 1424 915 1487 Vertacum
929 1427 1146 1508 Thrasybulum

131 1515 326 1576 Saturninum
349 1514 493 1575 sollicitus
517 1512 642 1594 evolvas,
665 1521 698 1573 ut
717 1515 769 1592 qui
788 1533 905 1594 semper
923 1516 965 1576 nil
984 1518 1043 1577 nisi
1063 1534 1144 1576 arca·

132 1623 204 1665 num
236 1595 407 1682 celsumque
436 1602 589 1663 meditere.
634 1603 756 1663 interim
784 1604 821 1664 ad
844 1622 986 1682 praesens
1009 1605 1057 1681 nil
1076 1623 1186 1665 con-15

134 1692 318 1754 iecturaliter
336 1700 466 1773 gestum,
488 1691 532 1752 nil
553 1709 608 1771 per
631 1690 781 1772 ambages,
805 1693 1045 1772 quandoquidem
1066 1693 1147 1754 hunc

133 1789 271 1842 nostrum
288 1784 480 1842 temerarium
500 1781 668 1842 futurorum
683 1782 898 1842 sciscItatorem
917 1790 946 1842 et
966 1781 1017 1843 diu
1035 1783 1146 1843 frustra

134 1873 379 1949 tergiversantem
389 1877 506 1950 tempus
522 1877 551 1930 et
565 1868 690 1948 qualitas
705 1870 873 1948 praedictae
883 1873 988 1931 mortis
1002 1873 1146 1932 innexuit.

138 1956 189 2020 11.
211 1977 280 2019 nam
303 1959 383 2019 domi
406 1977 528 2038 pressus
553 1957 811 2038 strangulatusque
835 1977 988 2020 servorum
1010 1959 1147 2021 manibus

136 2048 290 2109 obstructo
324 2047 454 2109 anhelitu
485 2055 605 2126 gutture
642 2046 798 2129 obstricto,
829 2067 867 2109 ne
901 2049 998 2110 dicam
1029 2047 1148 2109 Lentuli
1162 2067 1188 2107 ao

134 2137 292 2216 Iugurthae
320 2145 408 2216 atque
436 2136 549 2217 Seiani,
577 2144 657 2197 certe
689 2135 863 2198 Numantini
891 2137 1039 2218 Scipionis
1067 2140 1148 2198 exitu

135 2228 233 2306 periit.
265 2226 337 2286 haec
356 2229 387 2286 in
406 2225 461 2287 hac
480 2225 569 2286 caede
592 2227 690 2285 tristia
713 2228 821 2308 minus,
846 2227 924 2306 quod
943 2228 1026 2288 nolas
1049 2229 1148 2307 ipsum

134 2333 204 2376 cum
223 2323 342 2376 auctore
362 2315 432 2376 facti
449 2313 635 2394 parricidalis
649 2313 779 2375 diluculo
798 2318 959 2378 inventum.
992 2333 1060 2376 nam
1080 2318 1147 2395 quis

134 2404 172 2465 ab
198 2404 352 2465 hominum
379 2412 440 2464 tam
472 2402 576 2482 procul
609 2420 712 2483 sensu,
743 2406 810 2482 quis
838 2407 879 2465 ita
902 2407 1019 2484 gemino
1044 2404 1149 2465 obtutu

134 2493 327 2574 eluminatus,
356 2495 408 2572 qui
440 2493 598 2554 exanimati
616 2491 770 2552 'cadavere
803 2495 937 2571 inspecto
964 2511 1025 2554 non
1049 2495 1149 2554 statim
1162 2511 1190 2552 aa

135 2584 219 2660 signa
238 2584 314 2642 vitae
334 2581 486 2660 colligeret
505 2576 660 2641 extortae?
694 2577 743 2641 12.
767 2583 878 2641 etenim
896 2584 1034 2660 protinus
1063 2600 1148 2660 argu-

135 2678 236 2731 mento
260 2670 344 2731 fuere
366 2669 456 2731 livida
480 2673 565 2750 cutis,
588 2667 667 2729 oculi
688 2669 916 2748 protuberantes
940 2673 1019 2730 etin
1042 2669 1148 2730 obruto

136 2758 220 2819 vultu
237 2776 298 2818 non
321 2761 436 2819 minora
458 2762 520 2820 irae
543 2759 666 2836 vestigia
690 2776 778 2836 quam
802 2757 920 2819 doloris.
961 2761 1081 2819 inventa
1104 2765 1150 2819 est

209 2934 225 2982 6
245 2925 415 2983 diastemata
429 2929 545 2984 zodiaca
558 2931 649 3001 culpo,
664 2928 804 2984 diastema
818 2928 934 2983 zodiaca
948 2929 1074 2998 LNOT,
1090 2928 1149 2982 dia-

136 3000 259 3054 stemate
278 2998 392 3054 zodiaco
411 3001 479 3066 PF,
503 3000 548 3055 die
567 3003 594 3070 (e
613 3017 680 3056 cras.
695 2999 733 3053 M
736 3001 754 3070 ¹)
778 3001 915 3054 astemate
933 2999 1050 3054 zodiaca
1068 3004 1148 3068 (corr.

136 3074 170 3126 ia
193 3069 306 3125 zodiaco
325 3071 453 3142 M¹)Mh
473 3077 489 3124 9
509 3070 749 3140 apocatastaticus
768 3072 845 3137 ΜΤ,
874 3070 921 3125 vel
943 3071 1149 3141 apotastaticu's

136 3159 159 3198 s.
178 3143 195 3196 l.
216 3143 280 3197 odd.
294 3143 350 3209 M¹‚
374 3141 582 3212 apocatasticus
603 3147 683 3211 (corr.
702 3143 735 3198 ia
753 3141 990 3212 apocatastaticus
1009 3143 1127 3211 L²)LO
1140 3144 1148 3215 ll

140 3218 173 3266 10
193 3211 217 3266 si
235 3229 291 3280 qua
309 3213 355 3267 vel
374 3229 484 3283 quoque
504 3215 530 3282 (e
548 3230 617 3269 corr.
632 3214 664 3268 in
677 3230 694 3268 o
709 3213 800 3284 L¹)L,
818 3211 843 3266 si
861 3230 918 3281 qua
935 3230 1047 3283 quoque
1068 3218 1149 3283 (corr.

138 3287 171 3340 iu
189 3283 286 3351 qualia
303 3300 414 3353 quoque
433 3285 467 3338 N
468 3285 536 3353 ¹)N‚
563 3282 659 3353 qualia
678 3284 723 3339 vel
742 3299 853 3353 quoque
873 3285 904 3354 Τ,
924 3285 1021 3353 qualia
1039 3302 1148 3354 quoque

138 3355 178 3410 M
182 3355 213 3420 O;
236 3355 282 3409 vel
300 3356 395 3412 malim
412 3357 562 3422 secludera·
585 3357 619 3424 cf.
639 3372 679 3424 cp.
694 3358 719 3424 I,
734 3361 791 3425 9,1
811 3354 916 3423 siquis
936 3372 1047 3424 quoquo
1066 3356 1149 3411 modo

198 3425 291 3481 aditus
305 3431 315 3497 Ι]
330 3432 362 3481 12
382 3443 475 3482 coram
496 3427 554 3482 LI'
570 3433 596 3482 et
612 3434 693 3494 (corr.
712 3429 744 3482 ia
762 3426 877 3482 coheret
895 3427 993 3496 N¹)N‚
1016 3427 1150 3482 cohaeret
1235 3445 1242 3460 ·

144 3497 211 3552 VM
215 3495 248 3564 O;
275 3499 309 3566 cf.
325 3499 400 3553 Pua.
416 3516 455 3568 cp.
476 3499 561 3567 VIII,
574 3503 655 3568 22,4
679 3499 729 3552 sed
750 3497 851 3553 melius
875 3514 969 3552 coram
995 3501 1005 3568 ll
1033 3504 1065 3552 13
1085 3498 1149 3552 dili-

137 3567 237 3638 gentia
254 3571 305 3624 tua
322 3570 421 3638 LNT,
440 3573 490 3626 tua
509 3574 570 3642 (tua
586 3587 607 3626 a.
627 3571 644 3626 l.
665 3571 729 3627 odd.
748 3569 807 3640 M1)
827 3570 976 3639 diligentia
995 3570 1033 3624 M
1036 3569 1059 3626 0
1069 3573 1078 3640 ΙΙ

194 3667 361 3710 Aeonnursars
376 3670 411 3712 ad.
425 3671 511 3712 Mohr.
958 3665 990 3714 13
