2614 4030
337 215 503 271 SIDONIUS
521 215 676 272 DOMITIO
696 215 764 272 SUO
784 217 962 272 SALUTEM.
1114 217 1156 282 33

142 364 262 426 bilibus.
299 384 316 427 a
339 372 422 446 parte
445 364 585 426 vestibuli
608 366 760 445 longitudo
780 374 858 427 tecta
877 369 1057 429 intrinsecus
1076 375 1157 447 patet

142 455 250 515 mediis
278 472 339 515 non
366 455 553 534 interpellata
580 455 758 537 parietibus,
786 474 874 537 quae,
902 458 971 535 quia
994 455 1069 518 nihil
1091 459 1156 536 ipsa

141 551 321 625 prospectat,
341 545 397 605 etsi
415 562 476 604 non
493 543 703 625 hypodromus,
722 544 819 606 saltim
834 548 1070 625 cryptoporticus
1089 563 1155 606 meo

140 633 218 692 mihi
245 635 310 694 iure
339 632 525 694 vocitabitur.
566 633 639 694 haec
666 641 766 694 tamen
793 632 904 713 aliquid
927 637 1022 713 spatio
1046 653 1101 696 suo
1124 637 1156 696 in

139 724 254 782 extimo
273 721 473 783 deambulacri
492 724 587 802 capite
607 722 767 783 defrudans
786 723 877 783 elficit
895 723 1062 784 membrum
1078 724 1155 785 bene
1182 740 1196 781 5

141 810 293 892 frigidum,
311 810 365 872 ubi
382 809 502 891 publico
520 810 703 872 lectisternio
723 818 857 873 extructo
872 812 1079 874 clientularum
1094 815 1155 874 sire

140 902 293 961 nutricum
322 899 550 978 loquacissimus
578 900 687 962 chorus
719 903 854 980 receptui
881 903 972 980 canit,
1004 919 1072 962 cum
1100 919 1154 981 ego

140 991 261 1068 meique
285 988 494 1050 dormitorium
517 987 688 1050 cubiculum
710 991 894 1069 petierimus,
930 988 978 1051 11.
1002 1008 1019 1050 a
1038 998 1154 1069 crypto-

139 1080 260 1156 porticu
279 1080 311 1139 in
328 1077 454 1139 hiemale
472 1077 637 1139 triclinium
650 1081 777 1160 venitur,
796 1078 875 1158 quod
890 1078 1025 1140 arcuatili
1039 1082 1154 1140 camino

140 1185 230 1246 saepe
254 1169 332 1246 ignis
355 1169 502 1228 animatus
524 1167 605 1246 pulla
627 1167 748 1246 fuligine
773 1168 883 1228 infecit.
921 1167 973 1228 sed
993 1167 1063 1246 quid
1082 1168 1195 1229 haec10

139 1254 206 1336 tibi,
230 1274 319 1335 quem
341 1274 421 1316 nunc
444 1255 480 1316 ad
504 1256 602 1317 locum
621 1259 743 1317 minime
762 1253 877 1317 inrito?
909 1259 981 1335 quin
999 1259 1100 1336 potius
1117 1257 1154 1318 ad

138 1351 170 1404 te
199 1351 375 1424 tempusque
403 1346 584 1424 pertinentia
611 1345 723 1425 loquar.
770 1364 806 1406 ex
833 1345 890 1406 hoc
912 1345 1043 1406 triclinio
1067 1346 1100 1406 lit
1122 1348 1153 1406 in

139 1433 268 1495 diaetam
293 1436 354 1494 sive
378 1433 613 1494 cenatiunculam
636 1437 788 1515 transitus,
811 1436 861 1495 cui
883 1435 945 1495 lere
968 1441 1048 1496 totus
1071 1433 1153 1496 lacus

140 1539 276 1601 quaeque
294 1529 356 1583 tota
374 1522 452 1584 lacui
469 1529 558 1601 patet.
586 1526 618 1583 in
637 1524 691 1584 hae
706 1522 865 1584 stibadium
879 1530 909 1583 et
923 1525 1021 1584 nitens
1035 1522 1153 1605 abacm,

137 1613 172 1671 in
192 1630 320 1689 quorum
337 1630 435 1672 aream
456 1614 517 1672 sive
537 1620 709 1691 suggestum
728 1630 744 1672 a
763 1611 896 1672 subiecta
910 1614 1028 1690 porticu
1043 1615 1154 1673 sensim
1168 1628 1194 1668 15

140 1717 201 1759 non
223 1699 365 1761 breviatis
388 1703 610 1780 angustatisque
634 1700 774 1780 gadibus
798 1700 976 1761 ascenditur.
1014 1719 1072 1780 quo
1096 1700 1154 1762 loci

141 1788 329 1871 recumbens,
352 1791 378 1849 si
402 1790 474 1868 quid
496 1792 576 1850 inter
599 1789 747 1851 edendum
765 1807 861 1871 vacas,
883 1788 1085 1869 prospiciendi
1103 1807 1153 1850 vo-

139 1876 303 1957 luptatibus
332 1881 494 1958 occuparis.
542 1877 591 1941 12.
620 1881 679 1939 iam
707 1881 733 1939 si
764 1877 820 1938 tibi
847 1897 882 1938 ex
910 1877 962 1938 illo
990 1877 1153 1939 conclama-

138 1968 257 2027 tissimo
294 1967 421 2028 lentium
453 1967 573 2028 decocta
606 1969 765 2048 releratur,
801 1966 915 2027 videbis
947 1969 978 2027 in
1010 1965 1152 2027 calicibus

139 2063 263 2135 repente
287 2057 417 2134 perlusis
439 2055 580 2117 nivalium
602 2057 733 2118 maculas
757 2065 787 2118 et
809 2057 902 2117 frusta
925 2055 1100 2117 nebularum
1124 2063 1155 2116 et
1168 2072 1194 2112 ao

139 2143 222 2204 illam
245 2144 342 2205 lucem
365 2144 511 2205 lubricam
528 2145 703 2225 poculorum
724 2146 850 2225 quadam
869 2147 955 2224 quasi
973 2144 1152 2224 pinguedine

138 2233 233 2294 subiti
246 2233 356 2312 algoris
369 2233 545 2295 hebetatam.
568 2242 632 2295 tum
648 2235 864 2315 respondentes
878 2233 994 2314 poculis
1007 2236 1153 2314 potiones,

139 2341 266 2401 quarum
293 2324 425 2402 rigentes
453 2323 551 2402 cyathi
581 2323 733 2385 siticuloso
761 2325 882 2405 cuique,
909 2342 947 2385 ne
975 2323 1071 2383 dicam
1098 2322 1153 2383 tibi

138 2411 292 2490 granditer
315 2411 473 2493 abstemio,
500 2420 713 2475 metuerentur.
758 2412 829 2473 hinc
852 2415 911 2473 iam
935 2411 1097 2493 spectabis,
1120 2418 1153 2471 ut

138 2509 312 2579 promoveat
334 2500 434 2562 alnum
457 2503 587 2581 piscator
605 2503 636 2562 in
655 2502 785 2583 pelagus,
808 2508 842 2562 ut
865 2503 986 2562 stataria
1008 2503 1083 2561 retia
1103 2519 1152 2561 su·
1166 2516 1192 2556 ss

138 2587 253 2649 herinis
277 2589 439 2650 corticibus
463 2590 601 2651 extendat
625 2599 675 2652 aut
699 2593 792 2670 signis
814 2608 868 2670 per
896 2597 977 2651 certa
1000 2589 1152 2650 intervalla

137 2677 292 2757 dispositis
316 2685 429 2740 tractus
452 2679 568 2740 funium
591 2678 738 2741 librentur
755 2680 875 2760 hamati,
899 2678 1012 2739 scilicet
1030 2685 1064 2739 ut
1082 2695 1152 2738 noc·

135 2769 236 2827 turnis
263 2785 317 2847 per
345 2766 441 2829 laeum
469 2768 644 2830 excursibus
672 2770 857 2848 rapacissimi
885 2767 995 2828 salares
1023 2769 1055 2827 in
1082 2783 1152 2827 con·

137 2858 318 2936 sanguineas
340 2865 465 2936 agantur
487 2857 624 2918 insidias:
648 2859 720 2937 quid
743 2859 823 2919 enim
845 2857 915 2916 hinc
938 2857 1151 2934 congruentius

136 2945 274 3026 dixerim,
296 2964 365 3006 cum
387 2949 479 3026 piscis
503 2949 584 3025 pisce
608 2943 778 3026 decipitur?
820 2942 870 3008 13.
890 2943 1026 3006 edulibus
1050 2945 1152 3005 termi-
1166 2959 1193 3000 ao

209 3158 225 3205 t
240 3159 306 3222 post
324 3151 391 3220 quia
410 3153 458 3225 leq.
477 3169 534 3208 non
551 3155 583 3208 ic
600 3153 627 3224 0,
647 3154 825 3209 addebat
842 3150 981 3216 v.M²'T²,
1000 3167 1050 3206 oro.
1064 3150 1127 3206 LN
1128 3151 1155 3206 V

134 3223 145 3293 ll
160 3229 176 3276 3
190 3222 381 3293 hypodromus
393 3225 424 3294 Τ,
443 3223 625 3294 hipodromus
641 3225 708 3280 VM
711 3224 739 3292 0,
757 3223 958 3293 hippodromus
972 3221 999 3275 L
1012 3225 1021 3290 ΙΙ
1036 3228 1051 3276 6
1066 3221 1151 3277 clien-

139 3292 263 3347 tularum
284 3295 309 3348 Τ
315 3295 346 3365 (l,
366 3294 545 3349 clientierum
563 3296 629 3350 LN
634 3295 709 3364 VM,
728 3295 774 3350 vel
792 3293 991 3348 clientularum
1009 3311 1029 3349 s.
1050 3295 1066 3348 l.
1087 3295 1151 3350 add.

141 3365 230 3419 V¹M¹
257 3368 266 3436 ΙΙ
295 3371 327 3420 16
346 3383 403 3422 non
421 3367 455 3421 N
458 3365 518 3435 TO,
535 3383 555 3422 a.
576 3367 592 3422 l.
613 3368 679 3422 add.
698 3370 730 3422 c'u
749 3367 792 3434 M,
811 3383 861 3421 om.
876 3365 939 3420 LV
960 3366 964 3434 1
990 3364 1152 3420 ascenditur

136 3435 210 3490 ΝΜ
214 3435 266 3491 OT
281 3444 308 3492 et
327 3441 407 3507 (corr.
426 3455 460 3494 erc
479 3437 623 3492 scanditur
643 3439 692 3506 T1)
700 3440 731 3507 T,
756 3436 917 3492 ascenditur
934 3436 961 3490 L
983 3437 993 3506 ΙΙ
1017 3441 1050 3490 18
1070 3453 1152 3491 occu-

136 3510 222 3646 pbqqucq
239 3508 266 3561 L
291 3515 317 3564 et
341 3513 421 3577 (corr.
445 3511 478 3564 io
496 3509 640 3579 occuparis
660 3509 694 3565 N
698 3510 761 3579 ²)N
771 3513 779 3580 ll
794 3513 827 3563 20
846 3507 952 3562 frustra
973 3509 1032 3576 (alt.
1052 3527 1065 3561 r
1083 3524 1151 3563 eras.

189 3676 360 3721 Aronnrnnsrs
375 3679 411 3722 ed.
425 3679 512 3721 Mohr.
564 3722 567 3730 ,
976 3674 992 3722 3
