2660 4030
333 149 504 234 SIDONIUS,
519 149 712 206 UERREOLO
732 149 800 206 SUO
820 149 996 206 SALUTEM.
1014 155 1034 193 Ι
1107 150 1168 214 161

159 303 253 382 magis
281 301 418 384 verebor,
448 319 486 362 ne
514 301 671 361 assiduitas
694 301 879 378 praesentiae
902 317 984 360 meae
1009 302 1049 360 sit
1071 301 1171 379 potius

159 391 260 452 lutura
282 389 408 451 lastidio.
445 407 559 450 memor
582 391 678 450 nostri
701 407 767 449 esse
791 387 922 470 dignare,
945 389 1064 450 domine
1087 407 1171 469 papa.

594 614 641 680 XI
679 615 732 678 X.

241 737 410 793 SIDONIUS
428 737 572 792 DOMINO
593 613 895 792 PAPlu)AUsP1010
915 735 1092 793 SALUTEM.

230 849 257 912 1.
282 851 314 911 Si
337 853 411 911 ratio
435 857 602 930 temporum
626 853 838 929 regionumque
857 856 1017 931 pateretur,
1040 866 1100 909 nou
1118 868 1174 929 per

160 940 223 1002 sola
251 940 348 1001 officia
374 939 533 1000 verborum
560 941 704 1000 amicitias
733 938 825 999 semel
851 941 941 999 initas
964 937 1099 999 excolere
1123 957 1172 1000 cu·
1200 956 1215 996 a

162 1048 268 1090 rarem.
306 1029 358 1089 sed
382 1030 521 1108 quoniam
545 1029 691 1089 fraternae
715 1029 823 1107 quietis
847 1034 913 1087 voto
938 1029 1009 1088 satis
1028 1027 1174 1107 obstrepit

160 1119 395 1180 conflictantium
426 1116 556 1196 procella
587 1135 759 1198 regnorum,
792 1115 888 1177 saltim
921 1117 1000 1176 inter
1028 1114 1174 1178 discretos

162 1214 373 1286 separatosque
393 1206 529 1266 litterarii
546 1205 728 1266 consuetudo
744 1207 888 1266 sermonis
908 1207 972 1266 iure
987 1204 1174 1288 retinebitur,

163 1314 237 1376 quae
256 1294 449 1375 iampridem
468 1297 599 1355 caritatis
619 1295 741 1355 obtentu
759 1297 865 1354 merito
884 1291 1004 1354 inducta
1023 1293 1173 1356 veteribus

160 1387 266 1446 annuit
293 1384 444 1463 exemplis.
482 1390 631 1465 superest,
658 1390 691 1445 ut
719 1383 845 1444 sollicito
868 1385 1036 1443 veneratori
1058 1383 1174 1463 culpam
1189 1404 1216 1444 ro

162 1493 246 1535 rarae
270 1475 455 1534 occursionis
478 1472 641 1553 indulgeas,
664 1490 739 1552 quae
763 1490 821 1551 quo
845 1473 944 1532 miuus
967 1471 1085 1532 assidue
1104 1491 1175 1533 con·

163 1569 283 1643 spectus
301 1565 347 1623 tui
366 1568 554 1623 sacrosancta
572 1560 819 1641 contemplatione
838 1562 976 1640 potiatur,
997 1579 1077 1622 nunc
1095 1563 1174 1640 peri·

161 1651 263 1713 culum
291 1652 327 1712 de
350 1653 456 1712 vicinis
483 1653 581 1731 timet,
613 1668 692 1711 nnnc
715 1649 855 1710 invidiam
879 1650 915 1709 de
938 1651 1079 1727 patronis.
1122 1648 1174 1710 sed

161 1741 199 1801 de
223 1741 270 1801 his
293 1743 398 1801 istaec:
421 1746 451 1801 et
474 1743 532 1800 iam
555 1738 647 1800 multa
666 1746 743 1801 sunt.
781 1737 810 1798 2.
829 1740 949 1798 interim
968 1737 1097 1819 Petrum,
1120 1741 1174 1798 tri-

162 1829 315 1890 bunicium
338 1831 447 1909 virum,
470 1830 645 1908 portitorem
666 1830 764 1888 nostri
786 1828 945 1907 sermonis,
967 1828 1099 1908 insinno,
1123 1829 1175 1906 qui
1189 1847 1216 1888 15

164 1919 195 1979 id
218 1921 316 1998 ipsum
340 1917 442 1978 sedulo
466 1919 600 1996 exposcit
618 1920 738 1998 quique,
761 1916 833 1995 quid
851 1917 965 1994 negotii
983 1915 1067 1997 forat,
1089 1934 1174 1995 prae-

162 2015 305 2068 sentaneo
339 2007 567 2086 conpendiosius
599 2013 698 2085 potest
729 2008 866 2066 intimare
895 2012 1067 2065 memoratu.
1118 2007 1176 2085 cui,

163 2115 279 2178 precor,
302 2095 381 2175 quod
404 2097 436 2156 in
458 2094 541 2155 vobis
565 2097 630 2175 opis
654 2102 709 2175 est,
731 2097 841 2156 intuitu
863 2095 986 2174 paginae
1009 2096 1175 2174 praesentis

162 2185 296 2267 accedat,
324 2191 461 2245 manente
489 2189 626 2263 respectu
654 2183 846 2245 nihilomiuus
875 2185 1045 2263 aequitatis,
1073 2190 1175 2244 contra

162 2293 252 2353 quam
275 2293 331 2335 nec
348 2275 443 2352 magis
467 2270 655 2333 familiarium
678 2291 782 2334 causas
801 2271 1008 2334 commendare
1027 2274 1175 2334 consuevi.
1189 2295 1217 2336 oo

163 2381 279 2424 memor
300 2365 396 2424 nostri
419 2378 484 2422 esse
508 2360 643 2443 dignare,
666 2360 784 2422 domine
807 2380 891 2441 papa.

634 2585 707 2654 XII.

338 2709 506 2766 SIDONIUS
525 2708 716 2765 FERREOLO
735 2708 804 2764 SUO
824 2707 1003 2778 SALUTEM.

234 2819 263 2883 1.
287 2821 319 2882 Si
337 2825 483 2884 amicitiae
501 2829 620 2884 nostrae
643 2823 742 2902 potius
766 2822 975 2900 affinitatisque
999 2838 1086 2900 quam
1109 2838 1177 2900 pcr-

166 2930 256 2973 sonae
275 2919 342 2972 tuae
361 2918 478 2992 tempus
498 2913 633 2972 ordinem
652 2918 761 2972 statum
779 2912 986 2991 cogitaremus,
1006 2911 1071 2971 iure
1092 2908 1176 2970 vohis

164 3004 198 3062 iu
216 3001 272 3062 hoc
288 3018 386 3081 opero,
400 3001 700 3080 quantulumcumque
715 3007 769 3081 est,
783 3001 896 3079 primae
910 2998 1065 3060 titulorum
1078 2998 1176 3059 rubri·
1190 3021 1218 3062 25

167 3109 227 3172 cae,
250 3093 346 3171 prima
369 3107 539 3150 sermonum
563 3090 660 3150 officia
683 3089 898 3150 dedicarentur.
922 3090 995 3148 isset
1012 3106 1067 3167 per
1085 3089 1176 3148 avitas

166 3180 222 3240 tibi
254 3180 339 3242 stilus
371 3185 473 3239 noster
509 3178 640 3260 curuleS,
671 3180 811 3258 patricias
843 3177 1036 3254 nihilominus
1068 3175 1176 3238 inlulas

239 3375 256 3424 8
274 3368 433 3424 litterarum
451 3367 475 3422 0
484 3371 493 3438 l
509 3373 542 3423 10
560 3366 840 3435 enuntiativum,
861 3366 941 3422 annii
955 3366 982 3420 L
1003 3367 1012 3435 l
1037 3371 1070 3421 14
1087 3365 1177 3420 istaec

166 3439 237 3508 ΕΝ,
255 3439 312 3494 ista
329 3440 400 3494 haec
418 3440 511 3495 MOT
529 3441 533 3508 Ι
554 3438 657 3493 isiaeoz
676 3440 706 3492 et
723 3438 781 3494 iam
799 3439 917 3495 Leonem
934 3446 1040 3495 secutus
1058 3439 1178 3494 distinxi

168 3513 176 3584 ll
197 3514 229 3565 18
249 3511 310 3580 opis
330 3513 373 3565 esi
392 3511 491 3581 LNI',
512 3512 555 3567 est
574 3510 636 3580 opis
655 3511 690 3564 M
698 3509 740 3581 ΟΙΙ

221 3609 389 3653 Aronmrams
403 3611 439 3655 ed.
451 3611 538 3654 Mohr.
986 3603 1018 3653 ll
