2628 4034
155 217 222 283 274
559 215 713 271 CARMEN
730 214 764 272 V.

245 370 372 427 sustinet
395 368 500 427 armati
524 384 624 445 curas,
646 367 809 443 interprete
834 363 888 425 sub
913 383 971 445 quo

245 456 375 516 flectitur
398 456 433 515 ad
457 462 570 515 vestras
593 473 665 532 gens
689 455 779 514 ellera
802 451 1014 514 condiciones?

244 545 315 624 quid
338 544 458 605 laudare
481 544 600 604 Petrum
624 545 735 623 parvis,
758 545 915 603 temeraria
939 542 1015 624 clio,

243 632 357 694 viribus
380 630 572 711 aggrederis?
613 633 697 693 cuius
721 631 858 710 dignatur
881 631 917 692 ab
941 650 993 692 ore

172 722 352 784 5505199999
375 725 406 782 in
430 721 500 782 orbe
524 721 619 802 loqui,
642 720 712 781 licet
735 728 765 780 et
787 727 944 798 quaestore
969 721 1082 781 diserto

242 811 364 892 polleat3
389 817 518 871 attamen
539 810 589 870 bic
613 828 721 890 nuper,
744 809 944 888 placidissime
967 812 1124 892 princeps,

242 899 345 960 obside
369 907 509 978 percepto
533 907 651 959 nostrae
676 899 711 958 de
735 897 892 958 moenibus
916 897 1001 959 urbis

242 988 407 1049 visceribus
430 990 550 1048 miseris
573 990 720 1048 insertum
744 987 858 1068 depulit
881 1005 991 1047 ensem.

243 1084 272 1138 et
295 1080 363 1157 quia
387 1077 503 1137 lassatis
526 1079 651 1136 nimium
676 1093 744 1154 spes
768 1079 855 1137 unica
878 1076 967 1135 rebus

171 1179 223 1228 575
243 1169 364 1248 venisti,
387 1167 511 1246 nostris,
534 1168 677 1245 petimus,
702 1183 842 1226 succurre
866 1167 961 1224 ruinis

241 1255 477 1334 Lugdunumque
500 1262 595 1336 tuam,
619 1254 690 1314 dum
712 1255 871 1332 praeteris,
895 1255 994 1332 aspice
1018 1256 1126 1316 victor:

240 1347 299 1404 otia
322 1351 389 1423 post
411 1345 519 1404 nimios
542 1345 640 1422 poscit
661 1349 690 1402 te
713 1342 806 1404 fracta
829 1341 953 1403 labores.

241 1435 290 1493 cui
312 1451 415 1512 pacem
439 1432 504 1513 das,
528 1432 618 1492 redde
643 1434 786 1492 animum:
809 1432 917 1492 lassata
940 1433 1057 1491 iuvenci

242 1525 342 1582 cervix
365 1522 500 1601 deposito
524 1520 630 1581 melius
654 1528 721 1600 post
745 1521 839 1582 sulcat
861 1528 958 1580 aratro

169 1623 221 1672 580
239 1611 355 1672 telluris
379 1609 512 1690 glaebam
535 1608 654 1670 solidae.
700 1609 788 1691 bove,
811 1611 909 1688 fruge,
933 1608 1050 1690 colono,

240 1699 353 1760 civibus
377 1700 518 1760 exhausta
542 1706 595 1759 est.
642 1701 747 1759 stantis
770 1700 888 1760 fortuna
913 1696 1032 1777 latebat;

240 1789 310 1849 dum
334 1791 461 1868 capitur,
484 1806 536 1848 vae
557 1795 664 1866 quanta
683 1785 754 1848 luit!
786 1795 855 1867 post
873 1787 991 1867 gaudia,
1014 1788 1165 1870 princepS,

239 1877 366 1938 delectat
388 1879 560 1938 meminisse
584 1875 662 1936 mali.
708 1876 911 1957 populatibuS,
934 1878 998 1954 igni

239 1969 296 2026 etsi
319 1966 519 2045 concidimus,
542 1966 664 2024 veniens
687 1971 787 2025 tamen
811 1969 909 2026 omnia
930 1971 1030 2024 tecum

167 2067 218 2116 585
238 2057 385 2116 restituis:
409 2054 519 2114 luimus
542 2056 634 2113 vestri
658 2057 726 2133 quia
750 2073 838 2115 causa
860 2053 1016 2133 triumphi,

238 2145 302 2222 ipsa
325 2145 410 2203 ruina
432 2141 537 2220 placet.
584 2160 651 2201 cum
675 2145 769 2202 victor
792 2143 933 2204 scandere
958 2160 1079 2202 currum

237 2233 363 2310 incipies
387 2233 559 2309 crinemque
584 2249 700 2291 sacrum
724 2231 779 2292 tibi
801 2251 884 2293 more
907 2233 1043 2311 priorum

236 2326 335 2381 nectet
358 2318 493 2399 muralis,
517 2319 647 2401 vallaris,
671 2322 762 2380 civica
786 2321 886 2381 laurus

237 2416 266 2469 et
290 2426 393 2487 regum
416 2409 561 2486 aspicient
585 2407 727 2488 Capitolia
751 2409 828 2470 fulva
852 2417 987 2489 catenas,

164 2510 217 2559 590
237 2516 304 2558 cum
328 2499 435 2558 vesties
459 2496 582 2558 Romam
607 2498 722 2578 spoliis,
746 2517 813 2560 cum
836 2498 926 2559 divite
950 2516 1018 2558 cera

235 2589 340 2666 pinges
364 2585 471 2665 Cinylii
494 2589 608 2665 captiva
630 2587 755 2666 mapalia
778 2587 901 2668 Bocchi,

234 2678 298 2755 ipse
322 2694 376 2754 per
399 2675 550 2736 obstantes
573 2675 697 2755 populos
721 2694 885 2756 raucosque
909 2677 1041 2754 fragores

234 2766 408 2843 praecedam
431 2771 461 2824 et
482 2767 579 2844 tenui,
603 2768 680 2825 sicut
703 2783 795 2846 nunc,
818 2767 948 2825 carmine
973 2765 1069 2825 dicam

233 2861 262 2914 te
286 2856 417 2932 geminas
441 2853 542 2934 Alpes,
566 2853 667 2932 Syrtes
691 2859 734 2933 te,
757 2861 786 2914 te
809 2872 891 2914 mare
915 2871 1064 2935 magnum,

163 2954 214 3003 595
233 2950 262 3002 59
286 2943 375 3023 freta,
397 2949 426 3002 te
450 2941 575 3021 Libycas
598 2945 710 3021 pariter
734 2943 884 3003 domuisse
909 2950 1054 3024 catervas,

235 3038 302 3091 ante
325 3037 424 3091 tamen
447 3033 554 3092 vicisse
577 3031 659 3091 mibi.
706 3031 784 3110 quod
807 3031 919 3092 lumina
941 3031 1037 3092 flectis

237 3119 374 3199 quodque
399 3127 534 3180 serenato
557 3123 683 3180 miseros
706 3123 763 3180 iam
788 3123 913 3199 respicis
932 3139 997 3202 ore,
1032 3125 1035 3134 ‘

234 3208 366 3269 exultare
389 3207 473 3269 libet:
497 3211 634 3291 memini,
659 3228 726 3269 eum
748 3227 871 3288 parcere
893 3209 997 3290 velles,

142 3502 231 3556 vastis
252 3504 294 3557 T⁸
320 3505 329 3571 ΙΙ
357 3508 408 3557 594
428 3503 535 3572 Syrtes,
558 3503 645 3572 Alpes
663 3506 692 3558 59
715 3504 912 3570 Ψ5ῐα99990559,·
934 3505 980 3558 scd
998 3505 1033 3572 cf.
1048 3503 1098 3560 Sil.
1112 3506 1159 3574 ΙΙ,

78 3318 80 3349 Ι

75 3356 80 3481 ζ
216 3439 267 3487 553
287 3432 394 3503 ensem]
413 3431 478 3487 host
466 3434 524 3486 tem
543 3433 580 3486 M
584 3431 672 3488 ΟΨ
684 3436 694 3502 ll
708 3438 759 3487 558
779 3434 828 3501 qui
848 3431 872 3487 0
882 3435 891 3500 ΙΙ
905 3438 957 3487 590
976 3435 1068 3487 vestas
1083 3433 1156 3501 MP,

142 3577 213 3640 333;
231 3574 362 3630 Prudent.
344 3575 473 3644 tpcrist.
487 3575 531 3642 Π,
545 3577 600 3629 538
618 3573 693 3628 binis
711 3576 833 3630 remotos
852 3573 972 3642 Alpibus
986 3577 995 3644 ΙΙ

1272 3811 1301 3994 l
