2636 4032
301 168 468 224 srooruus
487 168 708 224 speonnam
727 169 795 225 suo
815 145 992 227 secundia.
1108 172 1149 236 67

137 323 164 382 si
189 320 371 400 excludatur,
395 317 590 400 exprobrans,
615 320 641 378 si
660 318 839 400 admittatur,
863 319 1012 402 exultans,
1036 322 1062 380 si
1084 340 1149 382 ver-

136 410 269 490 beretur,
297 416 479 488 exspectans.
525 404 555 468 4.
580 426 646 468 cum
671 407 864 489 discubuerit,
892 409 986 470 fertur
1009 417 1149 492 actutum,

136 501 163 558 si
183 499 266 559 tarde
286 497 428 578 comedat,
448 499 479 556 in
498 499 629 577 rapinas,
649 498 675 556 si
694 499 752 557 cito
772 505 930 578 saturetur,
948 500 980 558 iu
999 498 1148 581 lacrimas,
1253 530 1255 536 v

135 591 163 648 si
188 589 277 668 sitiat,
300 589 331 647 in
351 585 510 666 querellas;
535 589 561 646 si
580 585 754 667 inebrietur,
777 588 808 646 in
827 589 968 668 vomicas3
993 589 1019 647 si
1038 588 1148 670 fatiget,

134 679 168 738 in
188 675 395 756 contumelias,
420 676 445 734 si
464 675 612 755 fatigetur,
636 677 667 734 in
687 674 792 756 furias3
815 675 1008 736 faeculentiae
1028 679 1148 738 omuino
1174 693 1187 734 1

133 784 190 846 par
214 765 343 845 cloacali,
367 783 441 843 quae
466 783 523 842 quo
547 763 615 842 plns
634 771 788 845 commota,
811 763 878 842 plus
897 764 1005 824 faetida
1023 772 1077 827 est.
1108 769 1148 828 ita

132 858 238 916 vivens
261 855 364 933 paucis
387 853 538 933 voluptati,
561 851 651 913 nullis
675 855 776 934 amori,
801 852 938 914 omnibus
961 855 1048 936 risui,
1071 858 1148 916 vesi-

135 962 239 1005 carum
258 949 363 1022 ruptor
381 942 550 1021 fractorque
569 940 740 1022 ferularum,
760 941 882 1002 bibendi
901 942 1012 1023 avidus,
1035 944 1148 1004 avidior

133 1031 323 1112 detrahendi,
350 1030 453 1091 rabido
481 1032 594 1110 pariter
622 1049 672 1090 ore
701 1033 816 1109 spirans
840 1050 978 1112 caenum,
1006 1050 1146 1111 spumans

132 1124 245 1202 vinum,
268 1120 393 1199 loquens
411 1138 557 1180 venenum
577 1120 647 1180 lacit
665 1118 775 1198 ambigi
792 1120 932 1200 putidior,
956 1121 1146 1183 temulentior
1161 1141 1187 1179 10

132 1230 172 1271 an
199 1210 398 1270 facinorosior
425 1211 620 1269 existimetur.
666 1205 695 1270 5.
720 1208 771 1268 sed
796 1209 884 1269 dicis:
913 1205 1015 1270 ‘animi
1037 1210 1147 1290 probra

131 1300 217 1360 vultu
246 1298 357 1359 colorat
382 1305 412 1358 et
436 1298 612 1377 deprecatur
634 1299 776 1376 ineptiam
798 1301 907 1358 mentis
932 1298 1058 1378 qualitas
1082 1318 1146 1360 cor-

130 1392 229 1469 poris3
252 1387 371 1466 elegans
393 1386 531 1447 videlicet
553 1387 641 1446 bomo
664 1394 920 1466 pervenustusque
940 1389 1084 1467 cuiusque
1105 1392 1145 1450 sit

132 1476 304 1558 spectabilis
326 1494 454 1556 persona
476 1469 662 1536 visentibus?
692 1477 842 1535 enimvero
865 1475 915 1536 illa
934 1477 1081 1538 sordidior
1101 1486 1146 1539 est

131 1575 221 1645 atque
241 1565 402 1626 deformior
417 1565 557 1625 cadavere
574 1563 675 1645 rogali,
694 1564 772 1642 quod
787 1564 901 1626 facibus
916 1566 1041 1626 admotis
1057 1569 1144 1627 semi·
1160 1583 1186 1625 15

132 1655 321 1716 combustum
344 1672 471 1732 moxque
496 1653 610 1714 sidente
635 1661 716 1713 strue
739 1655 866 1713 torrium
889 1653 1058 1715 devolutum
1077 1656 1144 1716 red-

131 1745 204 1804 dere
235 1762 324 1823 pyrae
357 1744 416 1803 iam
448 1743 619 1803 fastidiosus
647 1741 805 1822 pollinctor
833 1743 979 1804 exhorret.
1025 1751 1144 1822 praeter

129 1833 188 1893 hoc
212 1832 322 1893 lumina
346 1834 423 1911 gerit
445 1831 524 1891 idem
548 1831 659 1892 lumine
683 1833 822 1912 carentia,
847 1850 921 1910 quae
941 1831 1057 1912 Stygiae
1079 1835 1143 1894 vice

130 1921 249 2002 paludis
273 1921 394 1982 volvunt
420 1920 558 1981 lacrimas
581 1939 635 1999 per
657 1918 803 1980 tenebrae.
851 1918 880 1982 6.
905 1923 980 1999 gerit
1004 1928 1033 1981 et
1056 1940 1143 1983 aures

129 2013 313 2072 immanitate
337 2010 481 2091 barrinas,
505 2027 629 2088 quarum
654 2008 781 2069 fistulam
805 2009 931 2070 biforem
954 2009 1040 2090 pellis
1062 2010 1142 2072 ulce-
1157 2031 1184 2070 1ο

128 2118 199 2161 rosa
229 2101 424 2160 circumvenit
451 2101 547 2158 saxeis
575 2098 661 2158 nodis
689 2105 719 2158 et
746 2098 850 2158 tofosis
877 2116 981 2159 umore
1009 2102 1142 2161 verrucis

129 2207 186 2268 per
208 2191 373 2266 marginem
397 2205 520 2248 curvum
543 2186 813 2266 protuberantibus.
855 2195 953 2266 portat
976 2196 1006 2248 ct
1027 2207 1142 2272 nasum,

130 2280 268 2356 quicum
288 2279 327 2338 sit
346 2277 459 2355 amplus
478 2279 509 2336 in
529 2275 722 2337 foraminibus
742 2283 771 2336 et
791 2278 912 2337 strictus
931 2279 962 2337 in
981 2279 1074 2359 spina,
1098 2281 1142 2340 sic

127 2369 255 2446 patescit
281 2366 413 2446 horrori,
441 2364 518 2445 quod
547 2372 720 2444 angustatur
744 2365 871 2426 olfactui.
917 2366 1085 2445 praetendit
1108 2386 1141 2428 os

129 2457 219 2516 etiam
238 2453 328 2515 labris
347 2453 518 2533 plumbeum
538 2456 615 2514 rictu
638 2455 776 2534 ferinum,
800 2456 925 2533 gingivis
948 2455 1140 2534 purulentum
1156 2473 1181 2514 25

127 2543 267 2605 dentibus
299 2543 444 2624 buxeum,
477 2542 555 2621 quod
589 2550 708 2622 spurcat
739 2543 911 2621 frequenter
943 2544 1094 2606 exhalatus
1124 2565 1140 2606 e

127 2650 256 2694 concavo
275 2633 432 2693 molarium
451 2639 732 2711 conputrescentum
749 2632 928 2710 mephiticus
948 2632 1029 2714 odor,
1051 2652 1140 2712 quem

126 2721 350 2801 supercumulat
338 2720 532 2782 tesculenta
562 2722 667 2782 ructat
659 2739 688 2780 ro
717 2721 753 2781 de
781 2719 906 2824 dapibus
933 2721 1140 2784 hesternist
1110 2730 1140 2784 et

125 2810 346 2871 redundantum
367 2812 481 2870 sentina
502 2827 649 2870 cenarum.
684 2809 711 2872 7.
731 2811 1044 2891 promitetetl,rontem
1064 2829 1138 2889 quae

124 2900 299 2960 foedissimo
324 2906 409 2979 gestu
433 2906 530 2960 cutem
553 2899 643 2977 plicat
667 2897 908 2978 superciliat
848 2898 908 2958 dist
910 2898 999 2958 eudit.
979 2903 1179 2960 tnutriteo

125 2997 157 3048 et
179 2988 310 3070 barbam,
334 3007 409 3068 quae
432 2990 491 3048 iam
510 2995 662 3048 senectute
682 2994 894 3048 canescens
861 2987 894 3047 fr
918 2993 1015 3047 tamen
1034 2987 1137 3048 morbo

125 3079 213 3156 nigra
237 3077 364 3158 Syllano.
405 3085 466 3138 tota
489 3077 617 3156 denique
641 3083 687 3137 est
709 3078 819 3136 misero
844 3075 934 3136 facies
958 3078 998 3136 ita
1020 3076 1138 3159 pallida,

198 3253 229 3302 12
248 3249 344 3302 vultus
358 3249 441 3317 Iacet
438 3249 535 3304 'obeam
550 3251 554 3317 1
571 3247 679 3302 coloret
692 3246 758 3301 LN
760 3247 829 3316 MT
850 3247 993 3302 decolorat
1011 3247 1057 3318 (de
1076 3265 1135 3330 cap.

128 3319 156 3374 V
159 3320 217 3388 )V
237 3319 352 3374 decoret
373 3267 444 3392 013
436 3336 501 3390 mep
502 3319 573 3373 iiam
591 3317 819 3387 111111111111
839 3318 981 3374 N²MOT
1001 3322 1010 3388 11
1034 3324 1068 3372 14
1086 3319 1136 3374 ille

122 3389 300 3459 Iacetjobaun
317 3392 327 3461 11
346 3396 379 3445 18
397 3391 450 3444 hoe
469 3391 577 3458 LNM,
596 3389 949 3471 11111οΤ112210111111
967 3391 1070 3460 ΠΜ,
1090 3392 1136 3447 vel

9 3489 13 3510 ·
122 3479 239 3515 curvum
258 3464 322 3518 cdd
342 3465 374 3517 111
392 3481 476 3534 marg
492 3463 547 3530 M¹,
566 3478 679 3516 corvum
696 3477 764 3516 corr
784 3463 816 3517 c'c
835 3459 941 3515 corium
959 3462 1010 3530 Nl,
1030 3461 1137 3517 corium

125 3533 201 3604 1111

938 3623 977 3678 5*
