2610 4056
298 199 464 256 SIDONIUS
483 199 638 255 FIRMINO
658 200 727 256 SUO
747 199 926 255 SALUTEM.
1052 198 1116 262 237

225 362 258 413 65
281 349 305 410 Ε
329 349 437 430 quihus
460 352 591 429 primum
613 350 688 410 mihi
710 349 814 428 psallat
836 350 977 432 hymnus,

287 441 340 518 qui
362 439 529 500 Tolosatem
552 441 649 500 tenuit
672 438 854 519 cathedram,

288 528 324 588 de
348 528 441 607 gradu
465 546 579 588 summo
603 527 816 606 Capitoliorum

407 619 646 697 praecipitatum3

287 758 380 830 Quem
403 766 575 838 negatorem
598 757 675 818 lovis
699 777 733 819 ao
755 757 903 818 Minervae

229 860 262 910 ‘10
286 854 316 908 et
338 850 436 908 crucis
460 847 572 908 Christi
594 846 671 907 bona
695 848 886 908 confitentem

286 938 380 996 vinxit
403 936 439 997 ad
462 939 541 1002 tauri
564 935 640 996 latus
664 937 789 1015 iniugati

407 1024 492 1104 plebs
515 1024 688 1105 furibunda,

287 1166 326 1228 Ut
348 1185 402 1246 per
425 1166 584 1246 abruptum
607 1166 681 1227 bove
705 1169 851 1228 concitato

288 1263 441 1336 spargeret
463 1274 569 1317 cursus
592 1255 722 1316 lacerum
746 1256 870 1316 cadaver

229 1357 262 1408 '15
286 1345 421 1406 cautibus
444 1347 546 1405 tinctis
570 1344 663 1404 calida
687 1344 776 1404 soluti

408 1432 490 1513 pulte
514 1432 640 1494 cerebri.

287 1575 358 1636 Post
381 1575 573 1637 Saturninum
595 1574 661 1636 volo
684 1575 798 1655 plectra
821 1582 952 1658 cantent,

288 1683 362 1742 quos
385 1672 579 1744 patronorum
602 1665 734 1743 reliquos
757 1664 879 1744 probavi
913 1683 915 1688 ·

289 1756 375 1814 anxio
399 1753 489 1814 duros
512 1754 587 1813 mihi
610 1771 664 1833 per
687 1753 803 1814 labores

227 1853 262 1903 80
409 1841 574 1923 auxiliatos,

289 1983 427 2062 Singulos
450 2002 525 2062 quos
547 2002 628 2045 nunc
650 1986 698 2063 pia
721 1985 915 2063 nuncupatim

288 2091 348 2132 non
371 2072 468 2133 valent
490 2092 579 2134 versu
602 2072 741 2133 cohibere
764 2073 866 2154 verba3

275 2171 364 2240 'quos
387 2168 486 2222 tamen
510 2162 636 2223 chordae
660 2169 812 2241 nequeunt
835 2181 955 2245 sonare,

409 2251 498 2311 corda
522 2250 675 2312 sonabunt.
986 2261 989 2268 “

172 2405 203 2471 4.
221 2411 377 2471 redeamus
391 2413 423 2471 in
437 2411 495 2470 fine
510 2411 546 2471 ad
566 2413 727 2472 oratorium
748 2411 848 2472 stilum
862 2413 1016 2472 materiam
1034 2423 1119 2490 prae-

108 2505 222 2560 sentem
244 2503 396 2579 proposito
421 2499 513 2560 semel
536 2499 639 2559 ordine
662 2502 860 2581 terminaturi,
879 2519 927 2582 ne,
946 2502 972 2560 si
995 2500 1119 2580 epilogis

107 2590 229 2650 musicis
261 2607 335 2667 opus
367 2591 534 2668 prosarium
567 2588 774 2668 clauserimus,
807 2588 971 2649 secundum
1002 2588 1119 2668 regulas

107 2674 217 2757 Flacci,
246 2676 299 2737 ubi
321 2677 461 2757 amphora
485 2679 583 2757 coepit
605 2678 735 2758 institui,
762 2695 871 2737 urceus
898 2679 997 2756 potius
1022 2679 1119 2738 exisse

108 2765 249 2825 videatur.
290 2765 362 2826 vale,
1134 2782 1148 2824 5

181 2961 194 3008 1
215 2953 268 3007 fine
287 2954 479 3024 IacetJ'oltoon,
496 2955 580 3009 finem
598 2956 675 3011 codol.
690 2957 729 3024 114
748 2955 783 3024 cf.
802 2954 902 3011 Horat.
923 2973 949 3010 a.
966 2957 1094 3026 p218q.
1114 2954 1123 3026 ll
