2636 4032
307 253 473 310 SIDONIUS
491 254 647 311 PLAcmo
667 253 734 310 SUO
755 255 931 311 SALUTEM.
1083 254 1126 321 69

113 423 171 485 per
198 406 277 465 hunc
301 404 474 484 Spartacum
503 423 705 484 quaecumque
734 411 804 465 sunt
828 399 928 466 clausa
952 406 1128 484 franguntur

113 511 250 573 quaeque
279 492 414 554 obserata
441 500 626 574 reserantur3
658 497 712 574 ita,
746 493 838 575 quod,
870 513 944 574 quas
972 495 1128 556 domorum

111 585 284 662 nequiverit
306 581 451 644 machinis
475 590 593 661 apertae
617 581 775 644 simultatis
798 585 956 664 impetere,
982 583 1128 645 cuniculis

114 671 316 733 clandestinae
340 671 518 751 proditionis
541 674 702 750 impugnat.
739 672 796 733 hoc
819 671 964 734 fabricatu
982 672 1128 734 Daedalus

112 768 219 822 noster
246 762 444 821 amicitiarum
472 759 588 844 culmep
616 760 764 841 aedificat,
792 757 845 840 qui
872 763 950 822 sicut
977 761 1127 823 sodalibus
1154 783 1167 824 5

112 850 197 911 velut
224 849 357 910 Theseus
388 851 467 909 inter
499 849 628 910 secunda
661 852 804 930 sociatur,
837 852 879 909 sic
909 850 945 910 ab
972 851 1020 911 his
1047 857 1128 930 post-

113 939 238 998 modum
265 938 346 999 velut
366 936 492 999 Proteus
520 941 599 999 inter
622 938 744 998 adversa
767 937 916 1000 dllabitur.
964 935 1014 1000 11.
1038 941 1129 1018 igitur

113 1048 151 1089 ex
175 1033 243 1087 voto
263 1046 330 1088 meo
350 1027 467 1108 leceris,
491 1029 517 1087 si
535 1027 639 1088 talium
660 1027 808 1088 sodalitati
826 1045 863 1088 ne
883 1046 1045 1107 congressu
1064 1030 1129 1108 qui-

115 1119 185 1178 dem
203 1118 334 1195 primore
355 1118 478 1196 sociere,
497 1134 632 1176 maxume
651 1115 780 1197 illorum,
799 1135 926 1196 quorum
940 1117 1129 1178 sermonibus

113 1206 285 1286 prostitutis
309 1223 342 1266 ac
364 1203 558 1266 theatralibus
580 1205 675 1266 nullas
697 1204 837 1287 habenas,
861 1205 942 1266 nulla
964 1208 1128 1285 praemittit
1144 1229 1170 1269 ιο

115 1293 257 1374 repagula
271 1293 375 1373 pudor.
401 1311 469 1354 nam
483 1293 592 1372 quibus
608 1297 682 1354 citra
694 1294 859 1356 honestatis
872 1297 1001 1358 nitorem
1016 1297 1129 1356 iactita-

114 1383 227 1445 bundis
250 1381 382 1461 loquacis
405 1383 486 1444 faece
510 1383 688 1462 petulantiae
712 1383 811 1463 lingua
830 1384 972 1464 polluitur
994 1385 1130 1464 infrenis,

115 1473 165 1533 bis
185 1473 366 1532 conscientia
388 1489 505 1551 quoque
525 1472 760 1532 sordidatissima
780 1479 833 1533 est.
848 1515 853 1534 t
867 1474 994 1552 denique
1014 1472 1130 1535 facilius

116 1560 259 1640 obtingit,
287 1568 320 1621 ut
348 1562 495 1640 quispiam
519 1563 596 1621 seria
623 1561 748 1640 loquens
770 1564 848 1622 vivat
871 1562 1014 1643 obscene,
1043 1581 1131 1642 qnam

115 1650 212 1710 valeat
231 1649 356 1730 ostendi,
375 1651 426 1728 qui
444 1652 558 1728 pariter
576 1652 685 1718 existat
701 1649 855 1730 improbus
870 1651 957 1713 dictis
972 1658 1002 1712 et
1020 1651 1131 1731 probus
1146 1671 1171 1712 ιε

117 1738 262 1799 moribus
299 1736 371 1798 vale.

583 1929 671 1996 XIV.

203 2039 206 2044 ¹
311 2050 477 2106 SIDONIUS
495 2050 648 2107 PLAOIDO
669 2046 738 2107 SUO
757 2051 937 2109 SALUTEM.

190 2162 217 2226 1.
235 2164 419 2244 Quamquam
437 2173 466 2226 te
481 2173 531 2227 tua
545 2173 629 2226 tenet
642 2164 867 2246 Gratianopolis,
887 2169 1019 2245 comperi
1032 2173 1132 2228 tamen

117 2256 272 2335 hospitum
294 2261 429 2314 veterum
452 2255 511 2314 fido
534 2253 639 2336 relatu,
662 2254 740 2334 quod
763 2272 845 2315 meas
868 2273 961 2334 nugas
984 2258 1045 2316 sive
1063 2274 1133 2317 con-

116 2346 212 2405 iectas
236 2361 325 2424 opere
348 2345 482 2423 prosario
507 2362 560 2405 scu
582 2351 736 2423 poetarum
761 2343 829 2404 stilo
849 2345 1046 2408 cantilenosas
1065 2345 1133 2424 plus
1147 2367 1174 2407 eo

116 2433 303 2494 voluminum
321 2430 449 2493 lectione
468 2432 590 2512 dIgnere
609 2435 817 2511 repositorum.
851 2433 963 2512 gaudeo
982 2433 1039 2494 hoc
1058 2437 1133 2515 ipso,

118 2521 199 2602 quod
222 2523 381 2600 recognovi
399 2521 541 2583 chartulis
561 2523 699 2600 occupari
716 2524 827 2582 nostris
847 2524 940 2582 otium
958 2529 1056 2604 tuum3
1081 2523 1134 2584 sed

116 2610 212 2692 probe
241 2609 395 2692 intellego,
423 2610 501 2690 quod
530 2609 663 2671 moribus
688 2613 749 2671 tuis
771 2611 847 2671 hanc
870 2610 1050 2691 voluptatem
1074 2630 1134 2672 non

118 2702 220 2781 operis
244 2699 367 2760 effectus
391 2700 510 2760 excudit
534 2700 585 2760 sed
609 2702 739 2760 auctoris
762 2701 894 2781 allectus
917 2701 1044 2779 ideoque
1066 2700 1134 2779 plus

118 2788 224 2870 debeo,
254 2790 321 2867 quia
347 2786 458 2866 gloriae
482 2796 640 2870 punctum,
666 2788 745 2867 quod
769 2789 892 2849 dictioni
915 2807 1053 2869 negareS,
1081 2789 1133 2850 das
1148 2809 1174 2851 25

119 2879 276 2939 amicitiae.
323 2875 352 2938 2.
376 2877 413 2939 de
441 2879 550 2938 ceteris
578 2895 647 2938 vero
676 2877 768 2938 studii
791 2879 886 2938 nostri
910 2876 1134 2955 derogatoribus

119 2961 192 3046 quid
221 2985 257 3027 ex
285 2984 351 3027 asse
378 2969 582 3047 pronuntiem,
612 2966 740 3027 necdum
767 2965 936 3027 deliberavi.
987 2985 1056 3026 nam
1084 2968 1135 3046 qui

119 3073 258 3116 maxume
283 3054 387 3116 doctus
410 3055 469 3116 sibi
490 3056 615 3136 videtur,
639 3045 799 3116 diction‘em
823 3073 924 3116 sanam
948 3062 977 3115 et
999 3057 1134 3115 insanam

119 3147 213 3205 ferme
247 3146 380 3223 appetitu
411 3147 477 3224 pari
506 3144 643 3224 revolvit,
674 3161 734 3204 non
765 3143 891 3223 amplius
920 3145 1134 3224 concupiscens

110 3229 230 3316 erecta,
254 3251 329 3312 quae
353 3233 461 3315 laudet,
484 3252 571 3312 quam
596 3233 743 3313 despecta,
767 3251 841 3311 quae
860 3232 964 3294 rideat.
996 3240 1083 3313 atque
1102 3235 1134 3294 in
1147 3257 1175 3297 eo

194 3410 210 3458 2
230 3404 371 3485 quaeque]
395 3420 589 3473 quaecumque
609 3405 635 3458 Τ
659 3407 669 3472 n
696 3409 712 3458 6
730 3402 787 3476 his]
806 3402 942 3485 ffliflss'll
968 3409 985 3458 8
1003 3420 1056 3458 nec
1075 3405 1101 3460 T
1126 3405 1135 3478 Η

122 3481 157 3531 10
174 3476 335 3545 praemitti
352 3475 408 3544 (vel
430 3493 481 3546 per
497 3493 518 3531 c.
539 3477 556 3531 t.
576 3476 640 3531 add.
659 3475 769 3544 M²)M‚
792 3478 932 3545 permoto
951 3477 977 3530 T
1001 3479 1011 3545 Ι]
1040 3482 1071 3531 17
1090 3478 1134 3531 io·

118 3549 213 3632 script.
234 3563 285 3630 pm.
300 3546 326 3599 L
339 3550 348 3616 ΙΙ
362 3551 396 3600 23
415 3547 590 3618 voluptatem
609 3547 674 3602 ΕΝ
676 3547 715 3601 Μ
718 3548 744 3601 Τ
749 3546 782 3616 0,
805 3546 980 3602 voluntatem
997 3565 1072 3602 man.
1087 3565 1133 3617 pr.

119 3637 153 3675 m
176 3618 303 3674 Vatceao.
318 3621 407 3687 3421;
425 3620 460 3686 cf,
480 3635 520 3688 ep.
539 3618 739 3689 1Χ.9,91127
758 3617 834 3687 quod
855 3618 1036 3687 Otnondum
1056 3619 1099 3689 Ol

1015 3985 1027 4024 l
