2610 4056
307 175 473 231 66666666
492 175 621 230 666666
642 175 709 230 666
729 137 907 232 saturnu.
1040 135 1110 240 ’661

99 328 283 406 communio,
315 327 465 405 copiosius
497 324 637 406 hilarere,
671 327 696 384 si
727 343 810 385 meae
843 326 945 404 culpae
967 325 1112 386 -defensio
1143 315 1174 392 ’,

100 419 200 496 661166
222 414 279 476 tibi
302 417 413 494 scripta
435 414 548 475 feratur
571 432 659 494 quam
678 414 848 474 satisfactio.
884 423 999 475 memor
1017 417 1114 475 nostri

100 524 168 566 esse
191 505 326 606 dignare,
350 504 468 564 domine
493 522 576 582 papa.

572 728 644 794 XII.

308 850 474 906 SIDONIUS
493 851 622 906 ORESIO
642 849 710 905 SUO
731 811 908 907 saturnu.

171 963 199 1027 1.
223 965 310 1026 Venit
332 967 363 1024 in
386 972 504 1025 nostras
528 983 543 1024 a
566 970 596 1024 te
619 965 752 1043 profecta
773 967 880 1043 pagina
902 983 1016 1044 manus,
1040 983 1114 1043 quae
1143 982 1155 1024 a
1224 1039 1229 1050 ·

102 1056 194 1116 trahit
212 1053 335 1130 multam
355 1053 580 1114 similitudinem
598 1053 634 1113 de
655 1052 714 1113 sale
733 1053 863 1132 Hispano
883 1057 914 1114 in
933 1057 1010 1132 iugis
1030 1071 1116 1114 caeso

104 1142 385 1205 Tarraconensibus.
431 1161 500 1204 nam
518 1145 688 1202 'recensenti
710 1141 809 1218 lucida
831 1151 860 1203 et
884 1142 960 1204 salsa
983 1143 1049 1222 661,1
1061 1160 1116 1202 666

106 1240 203 1293 tamen
226 1238 349 1311 propter
371 1232 428 1292 hoc
446 1234 544 1310 ipsum
563 1229 794 1292 6661166661666.
832 1231 884 1292 sed
904 1249 1002 1292 sermo
1021 1230 1116 1291 dulcis

106 1329 136 1382 et
158 1320 412 1401 propositionibus
436 1325 517 1380 dcer:
551 1314 701 1380 slc'enim
729 1319 856 1381 61166161
883 1321 1015 1401 eloquio,
1039 1319 1116 1398 quod

106 1410 206 1471 turbat
228 1411 367 1490 imperio,
396 1411 505 1488 quippe
534 1411 586 1488 qui
608 1427 713 1488 parum
742 1412 881 1490 metiens,
910 1410 980 1489 qnid
1005 1410 1118 1469 ordinis
1132 1427 1158 1468 10

105 1501 202 1580 agam,
234 1501 365 1560 carmina
397 1516 414 1559 a
450 1497 537 1558 nobis
565 1515 648 1558 nunc
680 1497 755 1558 nova
785 1506 874 1577 petat.
919 1501 1050 1577 primum
1081 1496 1117 1558 ab

88 1584 228 1649 'exordio
252 1587 408 1666 religiosae
431 1587 628 1666 professionis
655 1587 725 1647 huic
747 1588 952 1666 principaliter
975 1589 1117 1647 exercitio

106 1679 283 1757 renuntiavi,
307 1679 375 1755 quia
398 1678 541 1736 nimirum
564 1675 697 1736 facilitati
720 1682 822 1755 posset
844 1669 1068 1756 aeiommodari‚
1092 1677 1119 1734 si

106 1784 154 1825 666
178 1772 352 1844 occupasset
378 1765 481 1826 levitas
512 1783 664 1846 versuum,
696 1783 785 1844 quem
808 1767 958 1844 respicere
982 1761 1119 1843 coeperat
1218 1838 1222 1848 Ι

107 1856 236 1933 gravitas
260 1856 416 1914 actionum.
459 1852 487 1914 2.
510 1860 575 1914 tum
597 1860 751 1933 praeterea
774 1861 890 1914 constat
912 1871 1030 1914 omnem
1050 1861 1159 1931 ope-15

107 1961 180 2024 ram,
204 1945 230 2002 si
252 1941 339 2021 longa
356 1943 578 2021 intercapedine
602 1945 743 2023 quiescat,
766 1961 853 2022 aegre
876 1945 997 2004 resumi.
1040 1943 1119 2021 quis-

107 2051 175 2092 nam
199 2033 279 2092 enim
302 2033 419 2110 ignoret
442 2034 557 2092 cunctis
575 2039 626 2092 aut
644 2031 807 2093 artificibus
826 2038 877 2093 aut
895 2031 1008 2092 artibus
1027 2033 1118 2091 maxi-

107 2139 189 2181 mum
213 2121 303 2181 decus
326 2139 383 2180 usu
406 2123 516 2201 venire,
542 2129 670 2200 cumque
694 2122 792 2184 stadia
815 2127 955 2182 consueta
978 2137 1038 2201 non·
1061 2120 1118 2180 fre-

103 2216 301 2290 quentantur,
338 2208 456 2269 brachia
479 2212 510 2269 in
534 2211 722 2292 6666661166,
754 2213 872 2289 ingenia
895 2213 1064 2290 pigrescere
1088 2211 1119 2269 in

109 2296 245 2379 artibus?
274 2299 353 2359 unde
377 2305 423 2358 est
446 2305 476 2358 et
497 2296 584 2378 illud,
608 2299 685 2378 quod
710 2318 776 2360 sero
801 2303 956 2378 correptus
979 2305 1029 2359 aut
1051 2317 1118 2358 raro
1134 2318 1160 2358 66

108 2387 175 2467 6166
198 2407 284 2448 66666
308 2389 417 2468 manui,
440 2389 509 2466 iugo
528 2387 591 2468 bos,
611 2397 705 2466 equus
723 2389 808 2448 freno
827 2387 959 2448 rebellat.
996 2390 1119 2466 insuper

109 2477 240 2537 desidiae
269 2483 388 2537 nostrae
411 2476 589 2536 verecundia
613 2495 712 2537 comes
736 2477 851 2537 adhoc
875 2478 1052 2537 sententiam
1074 2479 1119 2535 in-

110 2565 208 2646 611661,
226 2573 260 2625 61
278 2584 334 2646 me,
353 2573 510 2644 postquam
528 2567 560 2625 in
580 2564 697 2625 silentio
717 2565 836 2626 decurri
854 2572 916 2625 tres
931 2564 1120 2644 olympiadas,

59 2709 61 2714 .
109 2661 169 2714 tam
192 2653 302 2732 pudeat
323 2673 432 2720 novum
455 2672 560 2732 6666666
583 2655 729 2714 conficere
754 2672 841 2733 quam
865 2656 970 2732 pigeat.
1010 2652 1038 2714 3.
1061 2652 1120 2712 huc

110 2745 182 2802 item
205 2742 287 2802 nefas
312 2745 400 2802 etiam
424 2742 556 2803 difficilia
575 2743 654 2803 factu
673 2741 728 2803 tibi
747 2744 858 2823 negari,
878 2743 1160 2804 6616661166166666

109 2838 191 2891 16616
214 2832 313 2898 minus
337 2830 436 2910 decipi
458 2832 553 2912 decet,
577 2839 686 2911 quanto
706 2833 890 2892 constantius
910 2831 952 2890 nil
971 2829 1121 2909 repulsam

111 2926 237 2979 veretur.
279 2918 446 2980 tenebimus
470 2914 561 2998 igitur
585 2918 737 3000 quippiam
758 2920 890 3008 medium
909 2926 939 2980 et
963 2922 1040 2980 sicut
1059 2921 1121 2997 epi·
1178 2953 1181 2961 ·

182 3107 324 3161 61666166
342 3107 497 3164 Ρ61.6666
515 3108 1039 3179 661666166111,61666616616616
1053 3124 1121 3163 erae.

113 3114 197 3248 (11)οῗ
211 3179 297 3233 ferret
284 3180 331 3233 166
348 3178 380 3232 F
391 3181 430 3250 16
449 3179 575 3260 hispano
588 3196 656 3235 6666.
674 3182 707 3235 161
724 3153 871 3264 bispanico
892 3181 929 3233 M
932 3181 940 3210 ¹
943 3159 1163 3260 ‚hispanico

112 3249 760 3322 Ρ1866166666610,6616666116666166
782 3251 874 3304 minus
893 3251 1013 3319 M¹)M‚.
1029 3249 1122 3304 minus

108 3320 253 3392 16666611)
273 3322 386 3393 6616
405 3325 445 3394 61
466 3338 481 3376 6
496 3322 647 3377 Mommsen
663 3325 666 3389 Ι
682 3321 826 3392 praeposit
815 3321 939 3376 tionibus
959 3323 1026 3377 MP
1040 3323 1044 3390 1
1061 3324 1124 3376 acet

117 3393 301 3448 thamowita
275 3397 337 3463 161
366 3400 408 3447 11
417 3396 467 3463 pet
455 3394 491 3447 tit
509 3393 571 3448 PF
587 3400 698 3450 616666
717 3412 750 3449 eac
768 3396 849 3463 petat
867 3394 915 3448 M¹
927 3396 951 3476 11
980 3399 1013 3447 13
1031 3392 1124 3463 possit

113 3467 220 3545 16666·
208 3483 240 3519 tu
257 3467 354 3534 posset
372 3466 432 3534 M1)
440 3466 477 3520 M
480 3465 536 3520 OF
552 3468 562 3534 11
580 3470 615 3518 60
633 3467 663 3519 61
680 3483 730 3521 om.
748 3465 836 3535 0161
858 3464 935 3520 arcui
952 3481 1052 3519 manus
1071 3464 1123 3520 bos

112 3535 178 3606 iugo
199 3536 494 3608 0164166616666.
482 3537 584 3594 661666
605 3537 665 3607 111¹)
671 3538 708 3591 Μ
713 3537 740 3609 0,
760 3537 813 3592 hoc
832 3537 895 3592 PF
906 3537 919 3608 11
