2628 4034
501 213 654 270 clausu
672 215 757 274 XXII.
1071 215 1136 282 335

212 371 390 444 perpetuum
412 367 528 444 pictura
551 366 654 444 micat3
678 382 732 424 nec
755 371 888 444 tempore
912 364 1002 444 longo

214 454 376 533 depretiata
399 472 468 516 suas
491 459 613 532 turpant
635 455 785 531 pigmenta
809 455 927 532 ligures.

255 542 399 604 Flecteris
423 543 458 604 ad
481 542 609 604 laevam:
632 550 662 603 te
685 544 818 621 porticus
838 543 945 621 accipit
968 542 1067 622 ampla

140 645 192 700 200
212 632 334 692 directis
358 640 478 693 curvata
500 634 570 712 viis,
592 631 645 692 ubi
668 633 800 709 margine
825 648 939 691 summo

211 720 320 800 pendet
344 727 374 781 et
396 723 499 782 artatis
523 728 581 781 stat
604 739 691 780 saxea
715 719 787 782 silva
810 718 964 781 columnis.

211 809 269 870 alta
292 808 470 872 volubilibus
493 816 575 890 patet
596 811 645 870 hic
669 811 784 869 cenatio
808 808 912 889 valvis;

99 889 102 896 ’
212 898 309 959 fusilis
333 901 455 978 euripus
479 906 616 980 propter3
640 898 718 959 eadit
739 898 818 959 unda
842 914 970 976 superne

210 994 277 1048 ante
300 987 380 1050 fores
402 987 551 1066 pendente
575 986 653 1066 lacu,
677 1005 840 1066 venamque
864 989 960 1048 secuti

137 1089 190 1138 210
209 1076 323 1137 undosa
345 1078 500 1138 inveniunt
522 1083 627 1138 nantes
651 1074 790 1138 cenacula
812 1077 919 1155 pisces.

208 1166 374 1226 comminus
398 1167 523 1244 erigitur
546 1165 592 1226 vel
614 1167 710 1244 prima
733 1165 779 1226 vel
802 1166 911 1226 extima
934 1166 1041 1246 turris3

208 1272 273 1319 mos
297 1256 355 1320 erit
377 1254 426 1314 hic
450 1255 577 1315 dominis
600 1253 758 1315 hibernum
782 1257 876 1333 sigma
899 1253 1006 1314 locare.

208 1343 297 1404 huius
321 1345 482 1423 conspicuo
504 1343 641 1406 residens
664 1345 696 1403 in
719 1342 847 1404 culmine
872 1361 959 1423 saepe

208 1431 348 1494 dilectum
372 1435 483 1494 nostris
506 1432 598 1492 Musis
622 1431 711 1492 simul
734 1439 821 1510 atque
841 1431 962 1510 capellis

136 1533 188 1586 210
208 1523 348 1600 aspiciam
372 1520 618 1603 montem31auri
642 1520 793 1600 spatiabor
815 1522 847 1580 in
870 1522 937 1582 istis
1163 1590 1167 1598 ⁴

207 1609 379 1692 frondibus,
397 1611 445 1675 hic
459 1610 605 1690 trepidam
621 1609 740 1670 credam
753 1609 827 1670 mihi
841 1609 962 1670 credere
977 1608 1128 1689 Daphnen.

207 1700 315 1760 iamsi
338 1700 413 1760 forte
437 1700 546 1778 gradus
570 1700 717 1778 geminam
740 1700 889 1762 convertis
913 1698 949 1758 ad
972 1699 1095 1777 Arcton,

207 1794 240 1848 ut
263 1790 364 1849 venias
387 1791 418 1849 in
442 1786 551 1868 templa
574 1788 636 1869 dei,
660 1790 712 1867 qui
734 1789 881 1848 maximus
905 1785 953 1847 ille
977 1795 1036 1868 est,

208 1875 324 1936 deliciis
347 1877 482 1938 redolent
504 1880 614 1939 iunctis
638 1877 779 1957 apotheca
802 1893 970 1955 penusquc3

136 1977 189 2026 220
207 1964 256 2025 hic
279 1964 390 2026 multus
413 1973 459 2047 tu,
483 1967 587 2047 irater,
611 1968 679 2027 eris.
721 1968 779 2027 iam
804 1965 901 2025 divide
926 1965 1043 2046 sedem,

208 2071 348 2114 cessurus
373 2054 444 2114 mihi
467 2055 547 2116 loute
571 2074 651 2136 meo,
674 2073 764 2135 quem
787 2061 886 2115 monte
910 2053 1052 2114 fluentem

208 2141 327 2203 umbrat
348 2142 525 2204 multicavus
551 2147 679 2223 spatioso
703 2147 806 2206 circite
831 2145 936 2204 lornix.

207 2249 267 2291 non
290 2239 357 2310 eget
379 2233 428 2291 hic
452 2232 546 2311 cultu,
570 2233 650 2294 dedit
672 2233 742 2295 huic
765 2241 870 2295 natura
894 2233 1041 2293 decorem.

116 2351 118 2360 ν
208 2317 251 2381 nil
274 2321 375 2381 lictum
399 2320 545 2400 placuisse
569 2321 677 2403 placet,
701 2341 761 2382 non
783 2341 891 2403 pompa
913 2340 968 2402 per
991 2328 1086 2381 artem

136 2421 188 2470 220
206 2407 279 2490 ulla,
303 2408 460 2471 resultanti
482 2428 542 2470 oon
562 2419 658 2472 comet
681 2411 804 2472 malleus
828 2413 889 2472 ictu

207 2516 290 2579 saxa,
312 2517 368 2560 nec
392 2517 514 2560 exesum
538 2499 718 2579 supplebunt
739 2517 889 2560 marmora
917 2499 1019 2560 tofum.

206 2587 256 2647 hic
281 2588 347 2648 lons
370 2587 512 2649 Castaliae
537 2589 622 2648 nobis
645 2590 709 2649 vice
734 2588 843 2649 sufficit
866 2588 970 2648 undae.

209 2683 308 2736 cetera
331 2677 413 2738 dives
437 2676 525 2758 habc;
549 2675 639 2738 eolles
663 2684 712 2737 tua
736 2679 800 2737 iura
822 2671 1009 2757 tremiscant3

209 2767 339 2844 captivos
363 2765 411 2827 hic
435 2765 514 2827 solve
538 2773 622 2846 tuos,
645 2773 675 2826 et
697 2784 751 2844 per
773 2767 841 2843 iuga
865 2764 957 2843 burgi

137 2866 188 2915 230
208 2852 283 2914 laeta
307 2853 454 2916 relaxatae
477 2856 548 2915 liant
570 2856 669 2914 vineta
692 2850 833 2915 catenae'.

252 2941 413 3003 Confirmat
430 2962 533 3004 vocem
556 2945 675 3003 iamiam
697 2961 790 3022 prope
814 2942 931 3002 sobrius
955 2944 1042 3002 istam

196 3029 339 3112 Silenus,
362 3034 532 3111 pariterque
557 3032 640 3092 chori
664 3034 800 3093 cecinere
823 3032 970 3093 faventes:

206 3115 315 3200 ‘Nysa,
337 3119 400 3180 vale
423 3119 556 3202 Bromio,
578 3119 711 3202 Phoebo,
734 3119 862 3181 Parnase
885 3120 1028 3181 bivertex.

205 3227 265 3269 uon
288 3211 379 3269 istum
402 3207 517 3290 Naxus,
541 3228 600 3270 uon
623 3213 713 3270 istum
738 3209 842 3270 Cirrha
865 3211 1010 3289 requirat,

135 3308 186 3357 205
207 3298 259 3358 sed
283 3315 366 3376 mage
389 3305 533 3378 perpetuo
557 3299 673 3378 Burgus
696 3297 840 3378 placitura
863 3294 1001 3378 petatur.'

187 3579 239 3628 204
258 3575 370 3630 laevum
392 3577 438 3647 ΤΙΙ
453 3581 504 3631 230
523 3591 656 3645 parnasse
677 3576 753 3646 0Ρῆ
