2636 4032
187 180 251 244 116
545 176 654 231 LIBER
671 177 838 244 QUINTUS.

185 329 241 389 tibi
273 329 437 388 devinctior
467 328 584 408 fierem,
615 327 756 408 iudicavi3
788 335 835 386 est
864 327 945 386 enirn
974 327 1206 388 consuetudinis

186 435 283 497 meae,
315 425 348 477 ut
371 415 477 495 eligam
500 425 581 498 ante,
613 425 681 495 post
704 416 832 495 diligam.
879 410 1057 497 ‘quaenam',
1089 419 1205 497 inquis,

186 503 231 566 ‘in
262 524 310 566 me
341 505 396 566 tibi
427 504 579 585 probanda
610 501 781 584 placuere‘l’
827 502 856 566 2.
880 504 977 564 dicam
1009 503 1137 566 libenter
1173 513 1205 566 et

187 596 326 676 breviter,
353 612 480 674 quorum
507 613 600 655 unum
628 595 694 654 fieri
722 595 829 675 gratia,
856 592 982 653 alterum
1005 593 1106 654 charta
1129 612 1203 654 con-

160 683 278 764 spellit.
323 701 449 744 veneror
472 686 504 743 in
527 682 693 744 actionibus
716 685 789 763 tuis,
818 682 897 760 quod
919 681 1013 742 multa
1033 680 1112 742 bono
1137 685 1203 744 cui·

186 792 243 852 que
262 772 417 832 imitabilia
440 775 528 850 geris.
575 771 647 833 colis
671 778 704 832 ut
732 774 783 850 qui
811 769 1031 851 sollertissime,
1059 771 1201 832 aedificas

184 869 219 922 ut
241 864 293 941 qui
315 861 554 942 dispositissime,
581 863 698 921 venaris
722 868 755 921 ut
779 862 830 939 qui
853 860 1072 941 efficacissIme,
1099 863 1202 940 pascis

185 959 219 1012 ut
242 953 294 1030 qui
317 952 515 1031 exactissime,
542 952 648 1010 iocaris
671 956 706 1008 ut
729 950 781 1027 qui
803 949 997 1030 facetissime,
1027 949 1140 1010 iudicas
1164 957 1202 1010 ut

186 1042 238 1119 qui
256 1041 444 1120 aequissime,
467 1039 574 1099 suades
592 1045 626 1099 ut
644 1041 696 1116 qui
718 1038 929 1118 s'mcerissimc,
952 1040 1147 1098 commoveris
1167 1047 1205 1099 ut

146 1131 240 1207 1111111
261 1129 440 1207 tardissime,
461 1127 587 1206 placaris
610 1129 718 1205 utqui
741 1125 906 1207 celerrime,
931 1126 1067 1186 redamas
1090 1135 1123 1186 ut
1146 1129 1202 1205 qui

186 1216 366 1277 fidelissime.
413 1213 441 1276 3.
464 1215 537 1276 haec
565 1217 663 1277 omnia
690 1215 823 1295 exempla
846 1215 963 1276 vivendi
987 1217 1045 1275 iam
1067 1216 1137 1276 hinc
1161 1215 1202 1275 ab

186 1308 271 1366 annis
303 1304 465 1385 puberibus
501 1323 586 1366 meus
618 1303 795 1383 Apollinaris
828 1307 854 1364 si
888 1307 1035 1384 sequitur,
1071 1305 1202 1384 gaude03

186 1401 267 1454 certe
291 1402 324 1454 ut
347 1401 497 1475 sequatur,
520 1394 671 1454 admoneo.
713 1396 744 1453 in
768 1412 826 1472 quo
851 1393 983 1453 docendo
1002 1393 1204 1454 instituendo-

188 1501 254 1563 que,
277 1483 364 1543 modo
388 1481 443 1544 sub
467 1501 522 1562 ope
544 1483 655 1545 Christi
678 1481 823 1561 disposita
847 1482 1016 1562 succedant,
1038 1481 1205 1561 plurimum

148 1587 174 1628 15
189 1571 282 1632 laetor
303 1575 462 1632 maximam
484 1590 532 1632 me
555 1571 714 1632 formulam
737 1573 812 1632 vitae
836 1570 872 1631 de
896 1571 1030 1632 moribus
1053 1573 1112 1632 tuis
1135 1590 1204 1632 mu-

188 1668 348 1722 tuaturum.
392 1661 463 1721 vale.

658 1868 730 1934 XII.

371 1981 537 2046 SIDONIUS
556 1991 731 2048 CALMINIO
752 1990 820 2045 SUO
840 1987 1019 2046 SALUTEM.

260 2104 287 2166 1.
311 2104 394 2177 Quod
415 2107 511 2165 rarIus
531 2105 567 2164 ad
586 2122 638 2164 vos
657 2123 673 2164 a
691 2104 778 2166 nobis
796 2107 902 2186 pagina
916 2112 1004 2185 meat,
1022 2120 1081 2163 non
1099 2111 1207 2164 nostra

191 2192 329 2272 superbia
362 2193 414 2254 sed
446 2192 541 2254 aliena
573 2196 746 2272 impotentia
776 2195 853 2254 facit.
904 2211 1001 2273 neque
1033 2209 1124 2272 super
1155 2193 1205 2252 Iris

149 2298 175 2337 11
191 2284 350 2361 quicquam
372 2281 489 2361 planius
514 2301 647 2363 quaeras,
675 2285 784 2362 quippe
808 2301 877 2343 cum
900 2281 1011 2342 silentii
1037 2282 1126 2342 buius
1149 2301 1204 2341 ne-

190 2373 359 2431 cessitatem
383 2389 436 2450 par
459 2371 537 2449 apud
560 2390 612 2431 vos
636 2378 732 2431 metus
756 2373 977 2450 interpretetur.
1023 2371 1080 2431 boc
1104 2369 1204 2430 solum

188 2467 288 2519 tamen
320 2459 414 2519 libere
446 2477 545 2540 gemo,
577 2460 655 2539 quod
683 2460 802 2521 turbine
835 2461 1043 2520 dissidentIum
1073 2461 1203 2538 partium

190 2566 328 2627 segreges
366 2549 435 2609 facti
471 2556 573 2609 mutuo
606 2551 728 2609 mInIme
761 2549 888 2610 fruimur
920 2556 1050 2627 aspectu.
1104 2566 1202 2627 neque

189 2656 330 2717 umquam
353 2639 466 2716 patriae
495 2637 629 2698 sollicitis
653 2639 770 2699 offerris
799 2637 964 2718 obtutibus,
995 2639 1054 2697 nisi
1076 2637 1203 2697 forsitan

149 2741 175 2782 ao
190 2745 258 2787 cum
272 2727 309 2794 ad
323 2725 479 2787 arbitrium
498 2729 623 2786 terroris
642 2726 731 2787 alieni
749 2745 800 2787 vos
819 2727 938 2806 loricae,
961 2744 1016 2786 nos
1034 2743 1202 2804 propugna-

190 2815 255 2876 cula
278 2823 389 2894 tegunt.
435 2814 487 2875 ubi
515 2817 580 2894 ipse
608 2817 638 2874 in
665 2815 722 2875 hoc
750 2815 846 2876 solum
874 2817 1008 2894 captivus
1036 2813 1203 2894 adduceris,

189 2913 224 2964 ut
245 2905 399 2984 pharetras
423 2907 538 2983 sagittis
561 2919 695 2985 vacuare,
721 2903 851 2964 lacrimis
875 2903 976 2965 oculos
1005 2902 1128 2983 implere
1152 2921 1202 2963 co-

190 2995 278 3074 garis,
301 2992 388 3054 nobis
412 3011 529 3072 quoque
548 3005 607 3052 non
626 2993 842 3073 recusantibus,
866 2993 944 3072 quod
962 3001 1013 3054 tua
1032 2993 1103 3053 satis
1122 2991 1204 3053 aliud

189 3079 353 3143 moliuntur
375 3089 443 3143 vota
471 3100 559 3162 quam
586 3081 688 3142 iacula.
734 3080 763 3143 2.
788 3084 840 3142 sed
869 3084 937 3161 quia
967 3081 1117 3142 interdum
1146 3084 1203 3141 etsi
1294 3093 1295 3164 ζ

150 3187 176 3227 eo
191 3189 250 3231 non
273 3189 327 3249 per
349 3171 503 3231 foederum
526 3172 690 3251 veritatem,
717 3170 815 3231 saltim
842 3190 897 3250 per
923 3170 1106 3231 indutiarum
1129 3172 1203 3230 ima-

123 3277 131 3296 ·
191 3262 289 3338 ginem
313 3259 456 3338 quaedam
480 3261 543 3339 spei
567 3266 685 3319 nostrae
709 3259 855 3320 libertatis
875 3260 1004 3321 fenestra
1023 3257 1205 3339 resplendet,
1294 3291 1295 3320 1

191 3350 324 3427 impense
340 3347 448 3429 flagito,
471 3350 516 3408 uti
534 3366 598 3430 nos,
622 3367 690 3408 oum
708 3351 834 3409 maxime
853 3356 948 3430 potes,
971 3347 1059 3408 affatu
1077 3349 1204 3426 pagiuae

263 3541 279 3588 2
299 3538 328 3590 et
346 3552 486 3604 quaenam
504 3537 530 3591 T
541 3539 551 3606 11
565 3543 598 3591 22
618 3539 714 3591 tamen
731 3554 782 3594 om.
805 3537 897 3608 Τ1129
916 3538 984 3590 vota
1002 3552 1052 3591 om.
1074 3535 1117 3602 011
