2610 4056
579 177 689 233 LIBER
706 176 838 234 NONUS.

688 411 730 476 H.

257 532 426 588 SIDONIUS
444 533 589 589 DOMINO
608 532 726 587 PAPAE
745 532 959 589 EUPHRONIO
979 532 1168 590 SALUTEM.

272 644 299 708 1.
322 646 422 707 Albiso
447 649 570 707 antistes
592 645 794 726 Proculusque
818 645 931 728 levites,
954 646 1020 708 ideo
1044 647 1134 708 nobis
1161 667 1242 708 mo-

203 754 271 796 rum
302 737 436 815 magistri
467 735 693 816 pronuntiandi,
733 738 801 815 quia
839 737 932 796 vestri
962 744 1118 797 merentur
1156 756 1240 798 esse

204 824 351 907 discipuli,
361 824 476 885 litteras
485 823 665 905 detulerunt,
679 842 805 903 quarum
817 843 865 886 me
880 832 1067 886 sacrosancto
1083 825 1239 888 donastis
1286 910 1287 915 ¹

176 914 306 995 sallatu3
334 932 408 993 quae
432 921 531 974 tamen
554 912 670 973 litterae
693 913 855 993 plurimum
877 913 965 974 nobis
987 914 1127 996 honoris,
1155 915 1237 994 plus

204 1005 304 1063 oneris
322 1005 476 1082 inponunt.
514 1001 642 1063 undeet
664 1004 794 1082 ipsarum
821 1005 865 1063 sic
887 1002 1094 1064 benedictione
1113 1002 1237 1086 laetor,
1286 1058 1287 1061 ,

205 1091 283 1170 quod
307 1093 491 1152 iniunctione
515 1090 694 1171 confundor,
722 1094 830 1171 quippe
855 1093 907 1170 qui
931 1110 967 1152 ex
991 1111 1056 1152 asse
1079 1091 1236 1154 turbatus

204 1179 251 1241 vel
274 1199 310 1241 er
332 1188 417 1260 parte
440 1199 501 1240 nou
523 1197 622 1260 pareo.
668 1179 778 1241 iubetis
802 1181 881 1240 enim
903 1187 964 1241 tam
988 1181 1103 1241 diversa
1127 1200 1233 1260 quam

204 1271 295 1330 nimia
319 1268 519 1349 explicarique
549 1267 710 1329 decernitis
740 1287 831 1350 opus,
859 1269 938 1348 quod
968 1269 1003 1330 ab
1032 1273 1234 1332 extremitate

165 1377 191 1416 ao
206 1377 271 1418 mea
300 1365 359 1418 tam
387 1357 507 1418 difficile
535 1357 699 1437 completur
728 1376 815 1436 quam
843 1357 1038 1437 inprudenter
1066 1360 1231 1438 incipitur.

205 1445 234 1507 2.
267 1447 320 1507 sed
349 1449 374 1508 si
402 1446 627 1526 amplitudinem
654 1449 685 1507 in
712 1446 795 1507 vobis
823 1448 942 1526 pietatis
971 1444 1231 1527 expertae'heue

204 1538 328 1616 metior,
360 1535 427 1615 plus
455 1535 624 1616 laborastis,
656 1543 690 1596 ut
722 1536 843 1596 affectus
873 1538 966 1596 vestri
998 1536 1096 1596 cordis
1130 1555 1230 1615 quam

204 1626 301 1685 nostri
324 1627 423 1704 operis
447 1623 570 1685 effectus
592 1622 802 1703 publicaretur.
840 1643 937 1704 neque
957 1627 1046 1705 enim,
1060 1643 1129 1685 cum
1148 1625 1227 1687 Hie-

205 1731 346 1793 ronymus
369 1715 528 1793 interpres,
551 1712 723 1773 dialecticus
741 1713 932 1794 Augustinus,
955 1713 1132 1792 allegoricus
1153 1713 1227 1775 Ori-

165 1819 191 1860 15
206 1821 296 1882 genes
325 1800 460 1881 gravidas
490 1800 546 1861 tibi
574 1800 751 1880 spiritalium
779 1821 920 1864 sensuum
944 1805 1040 1881 spicas
1064 1802 1227 1864 doctrinae

206 1891 334 1952 salubris
361 1909 460 1951 messe
491 1893 671 1970 parturiant,
701 1909 781 1951 nunc
810 1891 925 1974 scilicet
956 1891 1012 1952 tibi
1042 1892 1224 1971 apartibus
1285 1903 1286 1910 ’

204 1983 281 2041 meis
296 1979 377 2041 arida
391 1981 552 2039 ieiunantis
570 1978 687 2057 linguae
706 1977 814 2059 stipula
833 1980 1027 2061 crepitabunt.
1059 1979 1115 2040 hoc
1134 1999 1225 2042 more

205 2077 238 2130 tu
262 2077 291 2130 ct
315 2068 437 2128 olorinis
461 2066 597 2128 cantibus
620 2085 741 2128 anseres
764 2087 850 2130 ravos
874 2077 904 2130 et
927 2069 1104 2130 modificatis
1127 2069 1223 2131 lusci·

205 2161 324 2218 uiarum
352 2155 493 2235 querellis
516 2156 710 2235 inproborum
737 2175 893 2236 passerum
921 2157 1140 2236 fringultientes
1170 2178 1222 2220 su-

166 2263 192 2303 co
207 2264 309 2307 surros
328 2247 393 2305 iure
408 2246 575 2305 sociaveris.
609 2242 638 2306 3.
658 2245 730 2324 quid
749 2246 827 2325 quod
847 2250 890 2307 sic
909 2265 1025 2325 quoque
1046 2255 1222 2325 arroganter

206 2336 292 2395 lieret
320 2333 565 2414 indecenterque,
592 2336 619 2394 si
652 2337 763 2413 negotii
786 2337 938 2415 praecepti
965 2336 1081 2415 pondus
1112 2354 1218 2414 aggre-

207 2425 303 2504 derer,
325 2441 420 2484 novus
439 2420 565 2484 clericus
583 2431 721 2502 peccator
740 2427 888 2505 antiquus,
908 2427 1033 2485 scientia
1055 2425 1114 2484 levi
1131 2430 1214 2504 gravi

207 2515 396 2592 conscientia,
419 2510 557 2572 videlicet
580 2519 621 2594 ut,
645 2515 671 2572 si
690 2515 834 2593 scriptum
854 2531 1040 2592 quocumque
1060 2515 1218 2595 misissem,

207 2620 337 2682 persona
361 2619 425 2662 mea
449 2619 505 2661 nec
527 2608 599 2662 tunc
623 2600 739 2662 abesset
762 2603 837 2662 risui
860 2602 1051 2683 iudicantum,
1075 2620 1141 2662 cum
1163 2603 1216 2664 dc-

166 2691 312 2752 abfuisset
339 2686 476 2751 obtutui?
517 2708 568 2771 ne,
596 2708 719 2770 quaeso,
747 2690 865 2751 dominc
888 2709 977 2772 papa,
1003 2693 1093 2750 nimis
1117 2693 1216 2770 exigas

205 2780 414 2840 verecundiam
432 2797 529 2839 meam
548 2777 801 2858 qualitercumque
820 2777 983 2841 latitantem
1003 2782 1100 2858 coepti
1118 2784 1216 2858 operis

278 2972 294 3020 5
312 2967 402 3022 affatu
428 2967 459 3031 G,
484 2966 586 3022 affectu
609 2967 666 3037 (vel
689 2967 719 3021 fa
737 2985 757 3023 a.
778 2970 795 3024 l.
820 2969 884 3024 add.
904 2969 999 3038 W,
1023 2968 1069 3022 vel
1091 2984 1109 3021 a
1127 2969 1214 3038 M¹)L

207 3041 241 3095 N
241 3041 277 3094 M
282 3040 321 3104 Τ,·
339 3039 374 3106 cf.
393 3055 433 3108 cp.
448 3037 505 3106 IX,
519 3044 574 3107 8,1
594 3038 683 3092 affatu
703 3038 825 3093 secundo
844 3039 890 3094 vel
908 3041 1003 3109 potius
1021 3038 1213 3096 benedictione

207 3111 327 3164 donatus
341 3113 350 3180 11
365 3116 380 3164 9
394 3109 484 3163 nimio
493 3109 528 3179 L,
544 3108 662 3164 minime
671 3111 705 3164 N
706 3111 744 3164 M
747 3109 799 3166 OT
813 3115 817 3178 1
833 3110 970 3180 explicari
983 3127 1055 3178 quae
1064 3111 1092 3165 L
1105 3113 1113 3180 1
1128 3115 1158 3164 10
1170 3111 1212 3164 in-

206 3181 358 3252 prudenter
371 3180 399 3235 L
412 3187 438 3236 ct
452 3185 505 3251 (pr.
520 3198 534 3233 r
548 3198 615 3236 eros,
626 3182 660 3236 N
661 3181 725 3250 ¹)N,
744 3179 922 3251 impudenter
935 3183 974 3236 M
976 3182 1028 3237 OT
1039 3184 1048 3251 11
1063 3187 1095 3234 13
1114 3184 1211 3254 neque]

206 3253 277 3307 haec
295 3253 447 3308 Mommsen
473 3255 482 3320 11
511 3259 544 3306 16
562 3269 636 3306 nunc
653 3252 693 3321 L,
720 3269 778 3306 non
802 3257 882 3321 (corr.
906 3270 940 3308 erc
963 3271 1031 3306 num
1049 3253 1210 3324 mitur,
1243 3299 1244 3306 ,

206 3341 274 3378 num
295 3324 335 3394 01
352 3340 369 3377 a
387 3340 437 3378 om.
453 3323 487 3377 N
487 3323 526 3376 M
531 3323 583 3378 OT
594 3326 603 3393 11
622 3329 654 3378 17
674 3340 713 3378 oo
732 3319 829 3378 aridae
844 3366 867 3380 ..
883 3323 1022 3394 stipulae?
1041 3324 1210 3393 Loctjolmrto

209 3395 213 3466 1
244 3394 422 3465 crepitabunt
445 3394 472 3447 L
498 3401 524 3449 et
551 3398 631 3462 (corr.
650 3396 683 3449 io
705 3394 858 3464 crepitabit
876 3396 978 3464 NpN,
1011 3393 1158 3464 crepitabit
1176 3396 1210 3450 M

209 3465 261 3521 OT
272 3467 281 3534 11
291 3470 334 3590 ,po
354 3466 393 3518 sic
412 3465 596 3534 Elmeoborst,
615 3463 639 3518 si
657 3466 694 3535 L,
711 3483 761 3521 om.
777 3466 811 3520 N
813 3467 850 3520 M
853 3467 905 3522 OT
925 3470 934 3536 11
957 3473 990 3521 21
1011 3465 1167 3536 aggredirer
1182 3467 1209 3519 L

208 3540 276 3605 (ooo
318 3539 355 3606 )l
