2628 4034
183 220 249 286 288
577 219 729 275 CARMEN
746 219 805 275 VII.

275 368 435 450 sternebat,
457 368 662 450 Rhenumque,
685 369 766 430 seror
790 368 959 450 Alamanne,
981 367 1108 430 bibebas

274 457 400 518 Romani
423 460 496 536 ripis
521 465 551 518 et
573 465 701 536 utroque
724 458 871 537 superbus
894 459 925 516 in
948 475 1018 536 agro

204 559 256 609 375
275 546 321 607 vel
345 549 418 607 civis
441 546 487 606 vel
510 549 604 607 victor
627 565 701 607 eras.
748 546 799 607 sed
822 547 938 626 perdita
961 564 1089 607 cernens

274 643 422 696 terrarum
446 637 540 714 spatia
563 637 702 714 princeps
726 637 784 696 iam
807 635 961 716 Maximus,
984 653 1079 695 unum

275 725 354 803 quod
368 725 425 786 fuit
438 727 469 784 in
488 723 587 804 rebus,
606 725 797 803 peditumque
813 728 1007 804 equitumque
1022 727 1215 804 magistrum

274 822 304 874 te
328 812 394 894 sihi,
417 813 509 894 hvite,
532 813 612 892 legit.
659 813 758 873 collati
780 832 883 874 rumor
905 813 1027 874 honoris

274 904 388 962 invenit
410 901 578 982 agricolam,
600 902 671 962 ssexi
693 901 763 962 dum
786 903 862 963 forte
886 901 993 980 ligonis

204 1004 256 1054 380
276 997 396 1052 exercet
419 991 522 1051 dentes
545 991 591 1051 vel
614 991 711 1070 pando
733 1009 846 1070 pronus
869 998 966 1051 aratro

275 1082 364 1140 vertit
386 1082 570 1143 inexcoctam
593 1098 647 1159 per
669 1081 790 1159 pinguia
813 1083 915 1158 iugera
938 1078 1079 1158 glaebam.

276 1170 319 1228 sic
343 1169 489 1247 quondam
514 1169 550 1228 ad
573 1171 685 1248 patriae
709 1187 758 1229 res
782 1170 889 1230 fractas
911 1187 1024 1248 pauper
1047 1176 1161 1252 arator,

276 1257 458 1338 cincinnate,
480 1259 572 1338 venis,
595 1265 726 1318 veterem
750 1276 817 1318 cum
839 1265 868 1318 te
892 1258 989 1318 induit
1011 1276 1089 1318 uxor

275 1353 342 1406 ante
365 1346 455 1406 boves
478 1345 612 1407 trabeam
635 1347 867 1426 dictatoremque
892 1346 1021 1425 saHgnae

205 1448 257 1497 385
277 1452 420 1514 excepere
444 1435 522 1496 fores
547 1444 634 1514 atque
657 1435 693 1495 ad
718 1454 771 1496 sua
793 1443 870 1496 tecta
894 1436 1047 1515 serentem,

209 1544 211 1552 ’
277 1523 355 1602 quod
379 1542 438 1584 non
461 1527 600 1606 persevit,
622 1527 762 1604 turpique
786 1543 802 1584 e
826 1525 905 1586 fasce
929 1532 1046 1603 gravata

275 1612 333 1673 vile
356 1613 543 1693 triumphalis
567 1616 695 1692 portavit
717 1632 849 1693 purpura
873 1631 983 1674 semen.

319 1701 358 1762 Ut
379 1704 510 1782 primum
533 1705 642 1781 ingesti
664 1703 781 1781 pondus
804 1705 936 1782 suscepit
958 1703 1090 1782 honoris,

276 1791 364 1872 legas,
388 1793 439 1870 qni
462 1793 578 1852 veniam
601 1799 733 1871 poscant,
755 1791 924 1872 Alamanne,
947 1792 1051 1872 iurari,

204 1892 256 1941 390
277 1880 401 1940 Saxonis
425 1883 563 1941 incursus
587 1887 693 1961 cessat,
716 1880 911 1960 Chattumque
934 1880 1060 1960 palustri

274 1967 374 2047 alligat
396 1967 477 2029 albis
501 1987 589 2050 aqua3
611 1971 718 2049 vixque
741 1969 797 2030 hoc
820 1977 867 2030 ter
889 1977 1041 2032 menstrua
1064 1975 1165 2030 totum

275 2057 344 2118 luna
367 2057 455 2138 videt,
478 2059 595 2136 iamque
619 2057 655 2117 ad
679 2058 803 2138 populos
828 2078 861 2119 ac
884 2077 952 2120 rura
976 2059 1069 2118 feroci

275 2147 357 2207 tenta
380 2145 469 2206 Getae
492 2147 643 2224 pertendit
664 2149 731 2228 iter,
754 2166 810 2226 qua
834 2147 937 2226 pulsus
961 2147 996 2208 ab
1020 2153 1104 2207 aestu

275 2233 411 2294 Oceanus
435 2234 562 2295 refluum
585 2238 698 2314 spargit
719 2255 774 2316 per
797 2236 874 2298 culta
898 2236 1079 2317 Garunnam3

204 2337 256 2386 395
275 2325 306 2383 in
331 2323 441 2384 flumen
464 2331 603 2384 currente
626 2327 701 2384 mari
723 2326 907 2386 transcendit
929 2333 1046 2385 amarus

274 2412 381 2473 blanda
404 2411 514 2473 tluenta
537 2412 623 2494 latex,
647 2414 787 2493 fluviique
810 2416 937 2494 impacta
960 2432 1014 2492 per
1037 2412 1156 2474 alveum

275 2501 351 2562 salsa
374 2503 564 2580 peregrinum
590 2502 647 2562 sibi
669 2505 785 2581 navigat
807 2504 886 2564 unda
909 2503 1097 2582 profundum.

274 2592 323 2652 hic
346 2593 406 2650 iam
429 2591 572 2669 disposito
596 2591 727 2652 laxantes
751 2592 834 2652 frena
858 2592 955 2654 duello

274 2680 417 2740 Vesorum
440 2697 580 2759 proceres
603 2683 711 2759 raptim
735 2680 890 2759 suspendit
912 2681 947 2742 ab
971 2683 1014 2740 ira

203 2781 255 2831 400
275 2787 385 2849 rumor,
409 2771 559 2829 succincto
583 2769 716 2830 referens
739 2769 898 2848 diplomate
921 2770 1038 2830 Avitum

274 2860 332 2918 iam
357 2857 473 2918 Geticas
496 2860 607 2918 intrare
632 2857 735 2918 domos
758 2861 912 2938 positaque
935 2876 1095 2939 parumper

274 2946 350 3008 mole
374 2949 537 3025 magisterii
559 2946 648 3025 legati
671 2949 736 3008 iura
760 2947 885 3008 subisse.

275 3035 454 3114 obstupuere
478 3034 569 3095 duces
592 3038 704 3115 pariter
727 3035 941 3116 Scythicusque
966 3041 1085 3098 senatus

275 3132 304 3184 et
326 3126 462 3205 timuere,
486 3142 568 3184 suam
591 3143 693 3203 pacem
717 3141 755 3184 ne
778 3126 854 3186 forte
878 3133 1007 3205 negaret.

203 3225 255 3275 405
275 3216 318 3274 sic
341 3213 449 3274 rutilus
471 3213 632 3274 Phaetonta
655 3213 750 3273 levem
773 3233 839 3275 cum
864 3222 999 3294 carperet
1022 3216 1085 3273 axis

257 3371 309 3420 374
333 3365 467 3419 Romanis
490 3367 571 3437 uulgo
598 3370 607 3436 i!
634 3372 685 3421 386
708 3367 874 3437 permiscuit
896 3368 945 3437 M,
974 3365 1115 3436 persecuit
1134 3367 1164 3420 F
1189 3367 1200 3439 b

185 3440 238 3489 390
257 3440 368 3490 cessant
387 3437 418 3490 F
431 3440 440 3505 ΙΙ
458 3443 508 3492 391
529 3455 579 3492 om.
595 3437 642 3506 F!
657 3436 705 3492 vix
728 3439 910 3494 Wilomowa'tz
930 3442 940 3504 ΙΙ
959 3443 1010 3492 401
1032 3438 1131 3492 domus
1149 3439 1199 3506 M,-

184 3509 220 3573 cf.
235 3523 257 3562 c.
271 3508 405 3577 1ῌόοΗ
419 3513 471 3561 405
490 3509 598 3562 t'etonta
612 3509 702 3564 levem
716 3509 758 3578 M,
777 3509 899 3578 phoeton
915 3509 1027 3564 aleuum
1044 3509 1071 3578 0,
1090 3509 1198 3578 pheton

185 3577 279 3630 lenum
300 3579 330 3648 T,
349 3577 428 3632 feton
446 3579 538 3632 levum
559 3578 608 3648 Fu
