2614 4030
154 1017 253 1090 GAI
283 1015 459 1089 SOLLII
487 1016 850 1091 APOLLINARIS
881 1017 1083 1093 SIDONII

433 1158 818 1232 EPISTULARUM

484 1336 595 1398 LIBER
618 1337 763 1400 PRIMUS.

612 1528 636 1594 I.

266 1647 436 1705 SIDONIUS
455 1649 687 1706 CONSTANTIO
707 1651 774 1706 SUO
795 1651 969 1708 SALUTEM.

182 1780 209 1843 1.
228 1781 287 1842 Diu
300 1783 457 1863 praecipis,
478 1782 596 1843 domine
611 1785 714 1863 maior,
734 1800 847 1843 summa
866 1782 1009 1844 suadendi
1027 1793 1125 1845 aucto-

111 1874 211 1952 ritate,
236 1873 325 1932 sicuti
347 1889 381 1931 es
404 1873 436 1930 in
459 1872 515 1952 his,
543 1890 618 1951 quae
642 1870 894 1952 deliberabuntur,
918 1871 1125 1934 consiliosissi-

111 1971 188 2042 mus'‚
218 1967 260 2040 ut,
289 1961 413 2038 siquae
437 1958 552 2021 litterae
579 1959 666 2040 paulo
690 1960 843 2040 politiores
868 1963 948 2022 varia
972 1963 1125 2023 occasione

110 2050 264 2130 fluxerint,
290 2056 379 2129 prout
402 2067 452 2109 eas
475 2067 563 2110 causa
586 2067 713 2128 persona
740 2057 857 2130 tempus
880 2049 995 2132 elicuit,
1023 2069 1125 2112 omnes

109 2140 282 2200 retractatis
305 2137 522 2217 exemplaribus
547 2136 767 2218 enucleatisque
786 2158 846 2200 uno
865 2138 1013 2201 volumine
1031 2141 1123 2202 inclu·
1152 2162 1164 2202 5

109 2227 188 2308 dam,
212 2227 317 2298 Quinti
336 2225 503 2306 Symmachi
521 2227 742 2309 rotunditatem,
760 2227 814 2289 Gai
831 2227 920 2289 Plinii
939 2228 1124 2308 disciplinam

110 2318 373 2394 maturitatemque
387 2317 520 2395 vestigiis
530 2319 784 2395 praesumptuosis
795 2319 992 2378 insecuturus.
1016 2316 1045 2379 2.
1056 2338 1124 2380 nam

111 2405 147 2466 de
168 2405 270 2466 Marco
288 2403 384 2464 Tullio
408 2403 497 2465 silere
520 2403 627 2465 melius
649 2412 730 2486 puto,
754 2424 842 2485 quem
866 2408 897 2466 in
921 2405 988 2467 stilo
1012 2411 1123 2487 epistu-
1192 2418 1195 2424 '

110 2493 168 2554 lari
195 2512 252 2554 nec
278 2492 372 2554 lulius
396 2494 531 2554 Titianus
559 2493 614 2554 suh
643 2494 812 2556 nominibus
841 2495 1012 2556 inlustrium
1039 2497 1122 2557 lemi-

110 2601 219 2644 narum
249 2583 337 2661 digna
366 2581 559 2643 similitudine
588 2585 748 2665 expressit;
779 2591 902 2663 propter
934 2584 1012 2663 quod
1040 2584 1123 2646 illum
1138 2608 1164 2646 ιο

110 2674 206 2732 ceteri
229 2673 339 2750 quique
363 2671 631 2732 Frontonianorum
653 2678 755 2752 utpote
775 2679 1001 2734 consectaneum
1024 2692 1122 2735 aemu-

110 2760 176 2841 lati,
205 2779 259 2821 cur
285 2768 475 2821 veternosum
498 2760 616 2821 dicendi
644 2779 737 2841 genus
764 2763 944 2842 imitaretur,
972 2768 1122 2822 oratorum

111 2852 228 2910 simiam
248 2855 500 2929 nuncupavenmt
538 2849 645 2929 quibus
665 2849 802 2911 omnihus
822 2868 875 2930 ego
894 2853 1021 2911 immane
1041 2851 1121 2912 dictu

111 2946 157 3000 est
191 2945 334 3016 quantum
364 2957 482 3018 semper
511 2939 622 3000 iudicio
651 2957 718 2999 meo
749 2941 891 3000 cesserim
922 2946 1121 3018 quantumque

110 3027 287 3088 servandam
302 3027 425 3106 singulis
439 3030 693 3107 pronuntiaverim
711 3036 878 3107 temporum
896 3045 1017 3088 suorum
1032 3031 1120 3088 meri·
1137 3051 1161 3090 n

182 3223 200 3272 4
227 3215 360 3270 fluxerint
386 3215 421 3284 T3
453 3216 593 3271 fluxerunt
616 3216 713 3271 LMG
745 3220 748 3286 Ι
783 3232 879 3270 omnes
902 3215 1039 3283 Narem
1073 3233 1120 3271 eas

111 3303 206 3342 omnes
226 3287 254 3340 L
281 3289 290 3358 tl
318 3291 334 3340 8
355 3286 437 3342 silere
455 3287 556 3342 melius
574 3290 644 3357 puto
664 3285 783 3356 quemi.
804 3305 824 3341 a.
844 3303 867 3341 e.
887 3304 915 3341 n.
939 3288 1121 3344 Wilomocottc

113 3361 156 3427 (cf.
177 3358 291 3414 Sallust.
310 3359 347 3413 Iu
366 3404 372 3414 .
392 3363 438 3427 19,
451 3362 499 3428 2);
524 3359 607 3413 silere
630 3374 674 3412 me
697 3365 778 3428 (spot.
798 3362 817 3412 8
835 3359 888 3414 litt.
906 3362 977 3427 voc.)
1001 3359 1031 3413 in
1055 3359 1120 3413 stilo

112 3429 259 3500 epistulari
275 3446 328 3483 nec
368 3473 377 3499 ,
396 3430 479 3485 silere
493 3447 537 3484 me
552 3432 581 3484 in
596 3429 662 3484 stilo
678 3428 825 3500 epistolari
839 3427 940 3484 melius
955 3432 1024 3499 puto
1038 3447 1120 3500 quem

112 3518 162 3556 nec
178 3503 249 3563 (nisi
267 3501 339 3571 quod
357 3517 402 3555 me
420 3519 470 3557 cm.
488 3501 520 3568 0)
535 3502 568 3556 N
571 3501 608 3555 M
614 3502 667 3557 To
685 3504 695 3572 ll
719 3507 734 3555 9
753 3499 903 3554 titinianus
919 3501 957 3555 M
960 3502 993 3569 T,
1010 3501 1120 3555 ticinio·

112 3590 161 3627 nus
172 3573 211 3644 (lp
220 3577 253 3626 12
269 3588 332 3626 cum
345 3590 370 3628 v.
387 3572 412 3628 d.
423 3591 451 3643 g.
465 3571 645 3627 imitarentur
655 3575 805 3641 oratorum,
825 3571 935 3626 simiam
946 3573 1098 3629 Mommsen
1111 3573 1121 3644 ll

162 3673 331 3714 Aroumanm
348 3671 382 3713 ed.
396 3671 482 3712 Mohr.
946 3667 960 3714 1
