2660 4030
162 175 227 240 178
519 173 628 228 LIBER
647 171 821 229 OCTAVUS.

162 325 230 386 lieri
252 331 371 403 praeter
394 326 563 384 iactantiam
590 329 701 403 potest,
728 321 841 402 gaudeo
865 322 901 381 de
929 325 1185 401 praestantissimi

161 416 219 474 viri
243 415 426 494 anctoritate,
450 415 476 473 si
499 419 599 473 certus
619 418 674 492 est,
696 429 805 492 amore,
829 413 855 471 si
874 410 997 472 fallitur:
1020 410 1090 473 licet
1109 416 1186 492 quis

161 508 338 582 provocatus
362 519 441 562 nunc
464 501 501 562 ad
524 501 600 562 lacta
622 503 768 561 maiorum
790 518 851 561 non
873 502 1084 582 inertissimus,
1108 505 1185 581 quis

163 608 281 670 quoque
304 590 341 650 ad
364 589 453 651 verbe
476 608 536 650 non
558 589 774 650 infantissimus
799 585 877 649 erit?
904 607 1031 669 namque
1049 592 1183 653 virtutes

135 682 271 741 partium
294 680 419 740 istarum
443 678 569 740 saeculis
596 681 696 758 potius
725 679 835 757 priscis
863 677 1050 740 saeculorum
1076 687 1186 741 rector

162 770 307 849 ingenuit,
331 786 406 848 quae
429 786 484 846 per
507 774 632 829 aetatem
656 767 759 827 mundi
777 769 837 826 iam
856 770 1039 828 senescentis
1058 767 1183 830 lassatis

162 858 253 919 veluti
276 856 440 917 seminibus
469 855 662 918 emedullatae
688 873 794 935 parum
822 854 934 934 aliquid
961 857 1018 917 hoc
1040 864 1183 936 tempore

161 949 193 1007 in
213 945 459 1026 quibuscumque,
483 953 570 1024 atque
589 945 620 1006 id
639 947 670 1005 in
688 947 800 1025 paucis,
823 944 992 1006 mirandum
1010 964 1044 1006 ac
1062 964 1180 1006 memo-

161 1035 254 1097 rabile
278 1041 435 1096 ostentant.
472 1032 503 1096 4.
526 1034 614 1095 buius
637 1041 737 1094 tamen
760 1051 824 1115 ego,
847 1037 905 1094 etsi
923 1034 1089 1096 studiorum
1114 1053 1183 1095 om·

121 1144 148 1184 ιο
161 1127 245 1186 nium
268 1130 356 1203 caput
379 1130 425 1184 est
447 1122 687 1204 litterarumque,
710 1125 779 1201 quia
801 1140 960 1202 personam
984 1142 1102 1203 semper
1125 1143 1180 1185 ex-

161 1214 248 1293 colui,
270 1231 375 1273 vereor
399 1214 576 1273 sententiam
599 1230 688 1292 supra
712 1229 800 1291 quam
823 1214 932 1273 veritas
955 1212 1045 1272 habet
1068 1213 1180 1274 affectu

160 1302 368 1383 ponderatiore
398 1299 550 1380 prolatam.
596 1319 693 1381 neque
724 1299 761 1360 ob
788 1300 845 1362 hoc
873 1302 983 1362 infitias
1010 1303 1098 1362 ierim
1126 1320 1179 1362 me

162 1409 249 1470 saepe
282 1389 440 1452 luculentis
472 1392 535 1450 eius
569 1390 735 1451 actionibus
763 1389 928 1471 adstitisse,
960 1408 1086 1470 quarum
1115 1408 1179 1471 me,

161 1482 219 1540 etsi
241 1479 367 1539 reddere
390 1487 526 1540 mutuum
548 1479 659 1560 videor,
682 1478 729 1539 vel
752 1497 788 1539 ex
811 1485 894 1558 parte
919 1481 1090 1558 cursimque
1108 1480 1180 1540 fieri

121 1586 324 1630 rememorem
347 1568 391 1628 las
414 1575 469 1629 est.
505 1563 535 1629 5.
559 1568 659 1629 audivi
681 1585 750 1628 eum
774 1567 948 1629 adulescens
971 1575 1059 1648 atque
1078 1568 1179 1629 adbuc

161 1677 256 1738 nuper
284 1675 321 1717 ex
349 1675 457 1738 puero,
490 1675 557 1717 cum
589 1663 674 1736 pater
705 1675 790 1717 meus
822 1658 990 1737 praefectus
1023 1659 1178 1736 praetorio

161 1747 319 1808 Gallicanis
341 1745 539 1807 tribunalibus
558 1746 752 1827 praesideret,
775 1745 831 1807 sub
851 1747 936 1807 cuius
954 1744 1094 1807 videlicet
1112 1764 1176 1807 ma·

161 1839 285 1916 gistratu
309 1835 413 1897 consul
434 1835 570 1914 Astyrius
593 1837 663 1895 anni
691 1838 738 1896 sui
765 1835 844 1895 iores
868 1837 998 1896 votivum
1020 1834 1177 1896 trabeatus

161 1931 325 2005 aperuerat.
371 1923 567 1984 adhaerebam
590 1923 679 1984 sellae
703 1923 812 2004 curuli,
836 1926 893 1985 etsi
915 1943 976 1985 non
998 1923 1094 1984 latens
1117 1943 1175 2003 per

120 2015 307 2094 merdinum,
329 2019 409 2073 certe
432 2030 493 2073 non
512 2012 620 2073 sedens
638 2030 693 2091 per
711 2020 845 2093 aetatem,
868 2015 1037 2092 mixtusque
1057 2020 1177 2075 turmae

161 2102 344 2163 censualium
362 2101 586 2180 paenulatorum
608 2100 722 2162 consuli
740 2104 891 2181 proximae
910 2104 1065 2181 proximus
1083 2121 1178 2163 eram.

161 2194 270 2271 itaque,
292 2197 326 2252 ut
343 2191 473 2268 primum
491 2189 576 2250 brevi
593 2197 721 2271 peracta,
744 2209 799 2251 nec
817 2190 925 2272 brevis,
945 2189 1078 2270 sportula
1096 2191 1175 2251 dati-

162 2298 219 2360 que
242 2280 320 2360 lasti‚
343 2278 534 2340 acclamatum
558 2285 604 2339 est
627 2278 662 2339 ab
686 2282 767 2340 omni
790 2278 898 2341 Galliae
923 2286 1009 2340 coetu
1031 2281 1171 2359 primori-

161 2368 217 2429 bus
245 2368 465 2448 advocatorum‚
495 2375 528 2428 ut
557 2367 715 2428 festivitate
742 2375 917 2448 praeventas
944 2368 1032 2429 horas
1061 2368 1179 2430 antelu-

120 2475 264 2538 25681135,
301 2474 375 2536 quae
412 2457 491 2517 diem
527 2475 628 2518 serum
660 2475 728 2517 cum
761 2456 878 2518 silentio
910 2458 1176 2538 praestolarentur,

162 2564 292 2625 congrua
315 2547 507 2606 emeritorum
531 2545 655 2607 fascium
678 2545 765 2607 laude
787 2546 988 2607 honestarent.
1035 2545 1064 2608 6.
1087 2545 1179 2608 Nice-

235 2758 249 2807 7
267 2751 299 2806 in
316 2758 380 2807 aute
401 2752 456 2806 hoc
478 2754 531 2809 ius.
550 2752 584 2807 N
588 2752 639 2808 OT
656 2759 681 2807 et
698 2768 719 2807 s.
739 2753 756 2806 l.
776 2751 840 2807 add.
855 2751 913 2820 Mt
936 2769 987 2808 om.
1006 2754 1065 2808 LV
1086 2754 1178 2809 Vatic.

161 2828 231 2882 3421
247 2826 256 2894 ΙΙ
273 2829 305 2878 10
324 2823 391 2892 quia
409 2823 509 2893 LMO,
529 2823 579 2892 qui
598 2825 629 2892 T,
648 2823 724 2892 qui*
742 2829 767 2878 et
785 2839 805 2878 s.
826 2824 843 2878 l.
863 2825 926 2879 add.
946 2824 993 2878 vel
1010 2824 1078 2893 quia
1096 2824 1145 2878 M²
1170 2866 1172 2896 q

162 2903 194 2950 11
214 2911 299 2964 supra
317 2911 403 2964 quam
416 2896 521 2950 veritas
535 2895 635 2976 habeb]
651 2896 685 2962 cf.
700 2893 801 2949 Faust.
817 2911 847 2964 p.
863 2898 926 2962 105,
938 2900 973 2950 21
983 2897 1019 2952 E.
1038 2898 1071 2949 ut
1083 2895 1175 2950 habet

163 2966 265 3022 veritas
280 2968 289 3036 ΙΙ
305 2972 336 3020 12
356 2965 386 3019 in
405 2965 444 3035 (in
463 2968 528 3023 add.
543 2967 581 3020 M
584 2967 604 3033 ⁹)
623 2963 732 3019 mficias
751 2964 790 3018 M
795 2964 818 3020 0
827 2969 836 3035 ΙΙ
852 2969 885 3018 18
904 2967 1026 3036 astyrius
1045 2966 1079 3035 L,
1104 2966 1177 3020 asti-

161 3037 219 3091 riua
237 3041 317 3104 (corr.
337 3039 369 3092 iu
389 3036 507 3091 asterius
522 3037 560 3091 M
564 3037 585 3104 ’)
592 3036 630 3090 M
632 3038 663 3107 T,
683 3035 803 3090 asterius
826 3036 868 3108 op
883 3042 915 3089 19
930 3045 995 3107 poet
1012 3039 1104 3093 latens
1122 3039 1173 3110 leq.

161 3107 361 3180 generositatis
380 3110 412 3163 in
427 3108 450 3163 0
466 3115 492 3163 et
509 3126 529 3163 e.
545 3110 562 3164 l.
577 3110 608 3163 in
621 3109 667 3162 M¹
681 3109 691 3189 l}
705 3114 737 3161 21
758 3108 867 3161 consuli
884 3109 1010 3177 proxime
1029 3108 1175 3178 proximus

163 3185 243 3250 (corr.
262 3181 293 3234 iar
311 3177 446 3249 proximis
460 3180 565 3248 M¹)M,
585 3178 693 3233 concub
711 3178 835 3247 proxime
851 3177 985 3248 proximis
1001 3180 1030 3248 0,
1049 3179 1177 3234 consulis

161 3251 307 3322 proximae
325 3249 468 3321 proximus
478 3251 513 3320 L,
532 3249 663 3305 consuli*
680 3255 708 3316 (1
724 3252 776 3306 litt.
791 3255 872 3319 eras.)
891 3250 1016 3319 proxime
1029 3249 1177 3321 proximus

168 3323 199 3390 V,
217 3320 343 3391 proxime
363 3323 389 3391 (e
407 3324 439 3377 irc
456 3339 511 3377 rae.
526 3321 559 3376 N
561 3322 579 3388 ¹)
599 3319 706 3376 consuli
723 3321 858 3390 proximis
877 3320 898 3390 (i
911 3339 980 3378 corr.
994 3339 1028 3376 eac
1041 3339 1060 3375 u
1074 3321 1108 3377 N
1109 3323 1175 3391 ¹)N,

161 3394 305 3463 proximae
324 3392 459 3462 proximis
473 3391 582 3447 consuli
597 3394 642 3462 ΤΙΙ
656 3397 690 3446 25
709 3409 782 3461 quae
797 3393 823 3445 L
841 3399 866 3448 et
885 3397 931 3460 (ae
949 3395 981 3448 a're
994 3409 1049 3448 ras.
1064 3393 1102 3446 M
1105 3394 1181 3461 ¹)M,

162 3480 216 3531 que
235 3463 302 3530 PF,
321 3463 370 3532 qui
391 3464 442 3519 OT
462 3467 471 3531 ss
494 3470 528 3518 26
548 3479 671 3532 congrua
690 3465 869 3517 emeritorum
888 3463 921 3529 L,
946 3479 1069 3532 congrua
1088 3464 1174 3518 meri-

160 3539 255 3590 torum
274 3538 354 3602 (corr.
373 3553 407 3590 eac
424 3533 729 3604 congruaemerilorum
746 3540 778 3589 ut
795 3553 820 3589 o.
835 3534 869 3588 N
869 3534 931 3601 ²)N
946 3537 976 3602 (a
994 3538 1025 3590 in
1039 3552 1093 3591 ros.
1109 3535 1178 3604 Μ’)
