2636 4032
548 185 658 239 LIBER
675 185 837 242 TERTIUS.

661 401 732 467 ΧΠ.

375 524 542 580 SIDONIUS
562 524 729 579 SECUNDO
749 524 818 579 SUO
837 524 1016 582 SALUTEM.

259 635 287 699 1.
310 639 364 699 Avi
386 641 455 720 mei,
477 641 580 719 proavi
602 641 647 700 tui
669 639 815 700 tumulum
838 639 978 700 hesterno
1003 633 1072 723 (pro
1091 634 1213 722 dolorl)

191 728 238 790 die
262 746 355 807 paene
379 747 484 790 manus
507 729 630 808 prolana
647 736 858 810 temeraverat3
882 729 934 789 sed
958 729 1031 789 dens
1050 729 1144 810 alluit,
1170 747 1211 789 ne

191 819 273 879 nefas
301 825 417 879 tantum
444 825 676 898 perpetraretur.
723 836 844 897 campus
873 825 972 879 autem
999 820 1063 897 ipse
1092 818 1212 879 dudum

165 909 320 969 srelertus
343 914 404 968 tam
426 905 614 968 bustualibus
638 907 744 967 favillis
769 926 857 987 quam
882 906 1076 968 cadaveribus
1094 907 1212 968 nullam

191 1000 251 1057 iam
280 997 333 1057 diu
361 996 497 1057 scrobem
525 996 701 1077 recipieba13
734 997 786 1056 sed
816 1004 915 1057 tamen
942 995 1044 1077 tellus,
1076 996 1211 1057 humatis

192 1103 267 1165 quae
296 1085 520 1166 superducitur,
552 1085 682 1145 redierat
710 1088 741 1146 in
771 1088 928 1165 pristinam
956 1085 1085 1146 distenta
1112 1084 1211 1165 plani-

192 1178 265 1235 tiem
283 1174 415 1255 pondere
434 1173 524 1235 nivali
544 1193 598 1235 seu
617 1174 757 1234 diuturno
776 1174 918 1235 imbrium
937 1174 1019 1236 lluxu
1039 1174 1210 1235 sidentibus

192 1266 320 1324 acervis:
344 1282 419 1343 quae
443 1264 499 1324 fuit
523 1282 619 1343 causa,
642 1271 676 1324 ut
698 1263 797 1324 locum
820 1264 964 1324 auderent
986 1260 1137 1343 tamquam
1155 1283 1207 1324 va-

154 1359 310 1412 meantem
330 1370 488 1431 corporum
506 1352 598 1413 baiuli
617 1355 722 1413 rastris
739 1351 914 1413 funebribus
929 1355 1061 1432 impiare.
1090 1350 1119 1413 2.
1136 1352 1210 1432 quid

192 1438 300 1520 plura?
341 1443 401 1501 iam
423 1444 508 1520 niger
531 1460 652 1520 caespes
677 1460 713 1502 ex
736 1442 833 1522 viridi,
856 1445 914 1502 iam
939 1461 1029 1520 supra
1052 1444 1210 1521 antiquum

194 1529 384 1609 sepulchrum
408 1529 527 1609 glaebae
547 1539 693 1611 recenteS,
716 1549 784 1591 cum
804 1531 879 1591 lorte
898 1549 1026 1610 pergens
1045 1530 1151 1591 urbem
1171 1531 1209 1591 ad

193 1620 354 1680 Arvernam
377 1619 530 1698 publicum
553 1619 650 1680 scelus
674 1639 690 1680 e
714 1619 873 1699 supercilio
892 1622 983 1680 vicini
1002 1619 1085 1680 collis
1105 1622 1210 1699 aspexi

193 1727 300 1787 meque
333 1727 409 1788 equo
442 1710 536 1770 elluso
563 1717 624 1769 tam
651 1728 706 1788 per
733 1717 857 1788 aequata
885 1727 973 1788 quam
1000 1727 1055 1789 per
1083 1708 1210 1788 abrupta

154 1811 180 1852 aa
194 1800 362 1877 proripiens
391 1806 420 1858 et
447 1817 547 1859 morae
577 1800 699 1878 exiguae
729 1800 771 1858 sic
796 1817 912 1876 quoque
936 1800 1098 1878 inpatienS,
1125 1807 1210 1858 ante-

194 1906 282 1965 quam
314 1890 514 1968 pervenirem,
548 1887 662 1948 lacinus
696 1887 790 1948 audax
820 1889 939 1966 praevio
970 1887 1097 1947 clamore
1128 1905 1211 1947 com-

184 1967 305 2056 pescui.
352 1976 422 2036 dum
446 1975 582 2038 dubitant
604 1979 636 2036 in
660 1978 783 2036 crimine
808 1978 920 2055 reperti
943 1974 1146 2036 dilaberentur
1169 1995 1210 2036 an

194 2071 307 2125 starent
326 2073 356 2124 et
375 2067 532 2144 superveni
547 2061 704 2148 (confiteor
719 2059 876 2148 errorem),
895 2064 1040 2144 supplicia
1054 2073 1211 2145 captorum

195 2152 315 2213 differre
334 2171 394 2213 non
413 2156 505 2235 potui,
524 2154 576 2214 sed
596 2173 685 2233 supra
704 2157 783 2214 senis
801 2157 897 2215 nostri
910 2157 1009 2233 ipsum
1023 2156 1211 2233 opertorium

155 2243 269 2301 retorsi
292 2240 431 2323 latrones,
454 2250 598 2321 quantum
619 2243 756 2304 sulficere
775 2250 876 2322 posset
894 2245 1089 2323 superstitum
1109 2261 1210 2324 curae,

195 2338 379 2391 mortuorum
409 2333 568 2392 securitati.
616 2329 644 2392 3.
668 2340 803 2393 ceterum
830 2340 932 2393 nostro
957 2332 1035 2412 quod
1059 2333 1210 2392 sacerdoti

195 2418 237 2478 nil
261 2422 409 2480 reservavi
432 2438 514 2481 meae
537 2439 642 2482 causae
667 2439 797 2500 suaeque
820 2440 965 2500 personae
989 2423 1152 2501 praescius,
1175 2423 1211 2481 iu

195 2527 351 2569 commune
380 2509 529 2590 consului,
561 2528 598 2570 ne
627 2509 672 2570 vel
700 2510 772 2570 baec
800 2512 878 2571 iusto
909 2508 1084 2571 clementius
1112 2510 1212 2570 vindi-

195 2606 314 2658 caretur
336 2597 382 2658 vel
405 2597 454 2658 illa
478 2601 556 2659 iusto
579 2601 712 2659 severius
734 2599 907 2660 vindicaret.
944 2602 994 2660 cui
1017 2618 1085 2660 oum
1108 2607 1211 2659 tamen

156 2702 182 2743 25
196 2693 290 2747 toturn
318 2686 453 2747 ordinem
480 2690 525 2747 rei
551 2696 585 2749 ut
613 2689 796 2749 satisfaciens
820 2708 856 2748 ex
880 2690 987 2749 itinere
1010 2688 1210 2768 mandassem,

195 2779 241 2836 vir
264 2783 383 2837 sanctus
407 2784 436 2837 et
459 2779 555 2837 iustus
579 2777 749 2838 iracundiae
773 2796 856 2838 meae
881 2777 962 2837 dedit
985 2777 1117 2858 gloriam,
1140 2795 1212 2837 cum

195 2863 237 2925 nil
261 2865 387 2945 amplius
411 2884 464 2944 ego
488 2867 572 2926 venia
599 2866 794 2947 postularem,
822 2868 1018 2946 pronuntians
1042 2884 1124 2926 more
1148 2885 1212 2925 ma-

195 2956 292 3015 iorum
321 2973 388 3015 reos
416 2962 513 3015 tantae
537 2957 713 3016 temeritatis
737 2957 802 3015 iure
827 2974 930 3015 caesos
953 2955 1056 3016 videri.
1102 2951 1132 3015 4,
1157 2956 1213 3015 sed

196 3062 233 3103 ne
258 3044 329 3123 quid
352 3046 384 3104 in
407 3050 559 3122 posterum
583 3043 702 3105 casibus
725 3043 826 3124 liceat,
849 3063 924 3124 quos
947 3044 983 3104 ab
1008 3044 1142 3124 exemplo
1166 3046 1212 3105 vi-

156 3147 182 3187 ao
195 3139 258 3192 tare
283 3132 440 3214 debemus,
463 3151 567 3214 posco,
589 3140 623 3193 ut
646 3140 778 3194 actutum
799 3151 846 3192 me
871 3151 989 3213 quoque
1013 3133 1134 3194 absente
1159 3140 1213 3193 tua

197 3240 267 3281 cura
291 3222 343 3281 sed
366 3240 432 3281 meo
452 3230 572 3300 sumptu
590 3229 726 3300 resurgat
744 3223 776 3282 in
795 3220 903 3283 molem
923 3241 1024 3301 sparsa
1044 3224 1213 3304 congeries,

197 3327 286 3387 quam
308 3309 432 3389 levigata
455 3313 561 3389 pagina
584 3318 672 3389 tegat.
710 3329 764 3390 ego
787 3310 950 3371 venerabili
974 3310 1138 3372 Gaudentio
1163 3330 1213 3371 re-

269 3484 283 3531 1
302 3481 383 3534 inser.
403 3497 453 3535 om.
468 3481 495 3534 L
517 3484 526 3546 11
551 3487 566 3534 6
587 3481 637 3534 sed
654 3481 712 3535 iam
732 3481 912 3552 Iaretjobauu
924 3485 933 3552 u
949 3488 981 3538 18
1001 3485 1030 3536 et
1048 3481 1171 3538 LNVC
1186 3492 1214 3539 et

196 3552 228 3605 iu
244 3567 299 3605 roe.
314 3550 353 3603 M
356 3551 372 3618 ¹,
390 3567 438 3606 om.
457 3551 503 3620 ΤΙΙ
517 3555 551 3605 20
571 3551 663 3620 possit
681 3553 716 3620 L,
735 3570 803 3609 corr.
823 3554 855 3607 a'o
873 3555 969 3622 posset
994 3553 1054 3623 1⁷¹1]
1140 3591 1144 3598 .
