2660 4030
334 231 500 288 SIDONIUS
518 232 715 289 PHILAGRIO
735 232 802 289 SUO
822 231 1000 289 SALUTEM.
1109 233 1173 299 165

159 385 369 446 necessitatem
400 381 535 442 vultuum
566 401 650 462 mage
683 401 771 461 quam
804 401 922 444 morum
945 382 1172 462 praedicatores

162 473 192 537 3.
230 472 368 553 equidem
404 472 431 531 si
466 470 595 532 bumana
631 471 795 532 substantia
831 475 943 532 rectius
972 471 1049 532 mole
1082 490 1170 551 qnam

160 570 260 624 mente
291 559 439 623 censenda
471 567 529 640 est,
561 560 723 640 plurimum
755 563 872 642 ignoro,
905 560 975 640 quid
1009 560 1172 622 secundum

160 651 376 732 corpulentiam
416 666 470 728 per
511 652 604 729 spatia
641 651 775 728 quamvis
812 657 948 728 porrecta
986 648 1103 710 finalem
1140 651 1172 710 in

160 741 280 802 homine
300 741 453 818 miremur,
477 755 535 815 quo
558 738 632 798 nihil
656 757 748 818 aeque
771 741 915 799 miserum
938 738 1171 817 destitutumque
1200 753 1213 794 5

160 828 302 892 nascendi
325 826 459 888 condicio
479 826 631 908 produxit3
651 829 760 906 quippe
779 846 846 888 cum
864 826 1005 907 praebeat
1022 834 1171 906 tamquam

160 919 196 980 ab
221 919 343 980 adverso
365 914 435 975 bovi
452 914 544 997 pilus,
568 934 638 995 apro
663 923 751 997 saeta,
774 916 887 977 volucri
909 915 1009 995 pluma
1032 918 1172 976 vestitum

161 1003 284 1091 (quibus
307 1009 444 1084 insuper,
473 1010 507 1064 ut
529 1006 588 1064 vim
611 1005 657 1065 vel
680 1005 808 1066 inferant
830 1004 876 1065 vel
899 1005 1056 1086 repellant,
1079 1023 1172 1066 cornu

160 1099 234 1158 dens
265 1095 374 1174 unguis
407 1111 488 1153 arma
518 1096 646 1172 genuina
678 1088 776 1177 sunt),
806 1093 938 1154 membra
970 1112 1040 1155 vero
1070 1101 1171 1154 nostra

159 1189 192 1247 in
210 1186 289 1246 hunc
313 1181 456 1245 mundum
480 1182 541 1243 sola
565 1201 686 1243 censeas
710 1185 816 1264 eiecta,
839 1201 899 1243 non
923 1182 1014 1264 edita3
1045 1201 1171 1261 cumque
1186 1199 1213 1240 io

160 1273 317 1354 gignendis
348 1271 461 1331 artibus
489 1271 661 1332 animalium
688 1279 856 1333 ceterorum
883 1270 1044 1333 multifario
1067 1279 1172 1332 natura

160 1362 309 1443 praesidio
347 1361 432 1439 quasi
468 1361 613 1439 quaedam
649 1362 717 1421 sinu
753 1367 872 1440 patente
903 1367 998 1422 mater
1027 1367 1172 1441 occurrat,

160 1452 287 1513 humana
309 1456 424 1511 tantum
448 1467 572 1529 corpora
595 1448 711 1530 effudit,
741 1467 868 1529 quorum
891 1449 1077 1511 inbecillitati
1100 1468 1171 1529 quo-

160 1539 315 1602 dammodo
339 1546 558 1600 novercaretur.
603 1534 633 1598 4.
663 1557 731 1599 nam
755 1538 841 1619 illud,
864 1540 953 1599 sicuti
976 1557 1030 1618 ego
1054 1557 1171 1620 censeo,

161 1632 212 1710 qui
235 1632 366 1690 animum
395 1633 480 1687 tuum
511 1627 652 1688 membris
685 1627 760 1688 duco
792 1629 952 1707 potiorem,
987 1646 1048 1688 non
1083 1626 1212 1688 babet15

160 1717 379 1798 aequalitatem,
409 1717 487 1795 quod
518 1723 626 1778 statum
655 1723 791 1777 nostrum
828 1735 917 1795 supra
948 1716 1079 1796 pecudes
1108 1719 1172 1776 veri

160 1807 285 1886 falsique
317 1806 434 1866 nescias
467 1807 653 1866 ratiocinatio
685 1808 800 1866 animae
830 1804 1037 1865 intellectualis
1061 1807 1171 1885 evexit3

161 1899 246 1957 cuius
271 1897 298 1955 si
320 1895 466 1972 tantisper
484 1902 688 1956 summoveant
711 1894 884 1973 dignitatem
907 1895 967 1975 isti,
991 1895 1043 1972 qui
1061 1895 1171 1954 amicos

161 1983 373 2046 ludificabundi
395 2000 455 2042 non
478 1991 538 2044 tam
562 1981 741 2045 iudicialiter
765 2002 853 2063 quam
872 1973 1032 2043 oculariter
1055 1984 1171 2044 intuen-

158 2082 218 2155 tur,
242 2073 341 2134 dicant
363 2071 465 2155 velim,
492 2074 524 2133 in
551 2073 680 2133 hominis
703 2073 797 2133 forma
820 2071 892 2151 quid
915 2074 986 2132 satis
1008 2079 1171 2152 praestans,
1186 2087 1212 2127 ao

160 2163 232 2243 quid
265 2145 425 2242 spectabile
454 2169 567 2241 putent.
613 2161 642 2223 5.
679 2157 950 2240 proceritatemne?
991 2163 1076 2240 quasi
1111 2178 1171 2221 non

159 2253 232 2314 baec
248 2269 335 2330 saepe
351 2253 562 2329 congruentius
581 2249 716 2311 trabibus
735 2257 860 2330 aptetur.
893 2268 930 2310 an
944 2247 1172 2311 fortitudinem?

160 2359 235 2420 quae
258 2339 401 2401 valentior
424 2342 456 2400 in
479 2339 613 2400 leoninae
637 2341 761 2400 cervicis
784 2342 858 2400 toris
882 2346 993 2418 regnat.
1026 2357 1065 2400 an
1084 2339 1171 2400 deco-

158 2448 223 2491 rem
246 2425 508 2490 liniamentorum?
531 2445 619 2508 quem
642 2427 747 2488 crebro
766 2427 873 2488 melius
897 2428 993 2508 intigit
1016 2435 1046 2488 et
1068 2428 1171 2507 argilla

160 2518 327 2580 simulacris
350 2524 380 2577 ct
403 2535 472 2579 cera
494 2519 628 2597 picturis.
652 2535 690 2576 an
712 2513 921 2577 velocitatem?
954 2535 1028 2595 quae
1052 2535 1169 2597 compe·
1184 2531 1211 2572 25

157 2610 269 2668 tentius
293 2605 415 2667 canibus
439 2606 625 2668 adscribitur.
667 2623 705 2665 an
727 2602 930 2684 vigilantiam?
953 2607 1001 2665 eui
1024 2612 1119 2666 certat
1141 2613 1171 2666 et

159 2703 274 2756 noctua.
299 2713 336 2754 an
358 2691 483 2756 vocem?
519 2697 567 2756 cui
596 2713 656 2755 non
684 2696 809 2754 cesserit
832 2695 933 2754 asinus
957 2693 1096 2754 claritate.
1134 2712 1170 2753 an

159 2779 358 2844 industriam?
393 2786 442 2844 cui
470 2803 523 2863 pro
552 2802 605 2844 suo
634 2781 753 2843 modulo
782 2783 948 2861 comparari
969 2799 1025 2842 nec
1048 2781 1171 2842 formica

159 2870 305 2933 formidat
352 2868 381 2932 6.
419 2871 471 2932 sed
498 2873 622 2933 forsitan
652 2871 824 2952 praeferunt
847 2873 906 2930 vim
928 2869 1061 2930 videndi:
1081 2876 1166 2930 tam·

160 2978 247 3041 quam
280 2976 340 3019 non
377 2963 415 3020 sit
452 2963 630 3022 eminentior
665 2963 747 3021 visus
780 2958 953 3039 aquilarum.
999 2959 1171 3038 praeferunt
1184 2976 1211 3016 ao

231 3173 246 3221 5
265 3163 354 3220 nichil
373 3166 404 3234 Τ,
428 3164 470 3219 nil
488 3166 526 3220 M
530 3165 553 3221 O
572 3170 581 3236 l
604 3170 620 3219 9
635 3173 699 3235 post
721 3181 800 3220 erma
818 3169 836 3220 3
854 3167 906 3220 litt.
927 3167 1001 3234 (fort.
1020 3164 1077 3235 bis)
1101 3183 1169 3222 erac.

159 3239 204 3294 L²
225 3241 229 3307 Ι
250 3239 315 3293 sunt
333 3254 383 3293 om.
399 3237 426 3291 L
445 3243 513 3302 (nora
530 3237 572 3304 N)
596 3240 605 3308 [Ι
629 3243 660 3291 11
680 3235 831 3306 gignendis
855 3247 908 3306 (pr.
923 3255 943 3306 g
960 3238 992 3290 ira
1009 3254 1063 3292 raa.
1079 3238 1173 3305 1qu

159 3310 258 3376 Mor,
277 3308 422 3378 signandis
441 3309 476 3378 L,
499 3307 639 3378 fingendis
658 3309 835 3378 Laetiobnrm
855 3310 860 3376 l
880 3307 989 3361 artibus
1008 3308 1045 3362 Μ
1049 3307 1107 3376 OP,
1127 3326 1170 3363 ar-

158 3381 244 3436 bubus
265 3380 330 3449 TF,
354 3379 494 3434 ariutibns
513 3380 540 3433 L
558 3386 583 3435 et
606 3383 686 3448 (corr.
705 3382 737 3435 ira
755 3379 872 3433 artubus
890 3379 925 3434 N
926 3379 985 3447 ¹)N
986 3400 996 3446 ;
1018 3381 1053 3446 cf.
1073 3397 1112 3449 ep.
1137 3381 1171 3448 V,

158 3458 220 3520 2,1
239 3451 434 3522 philosophiae
453 3450 585 3506 membris
600 3450 708 3506 artibus
724 3449 921 3520 partibusque3
943 3450 1041 3505 Facit.
1057 3467 1087 3520 p.
1102 3457 1171 3520 265,

159 3529 196 3579 16
204 3525 239 3580 E.
254 3527 263 3594 ΙΙ
278 3528 311 3577 14
328 3524 406 3595 nom]
421 3541 460 3578 aaa
473 3525 647 3593 1111111111Ιῖ4
663 3541 702 3577 aaa
715 3521 845 3592 intingit?
863 3521 1039 3591 Lcctjohant
1052 3525 1061 3592 l
1076 3528 1109 3576 26
1125 3539 1169 3577 co-

157 3596 242 3650 nibus
262 3595 465 3664 competentius
484 3595 522 3649 M
537 3596 604 3664 (inc.
624 3596 681 3650 ord.
701 3593 842 3663 LNTOss
