2636 4032
301 201 471 259 SIDONIUS
491 201 672 258 SIMPLICIO
693 202 761 258 SUO
782 202 959 260 SALUTEM.
1095 203 1137 268 63

117 363 222 416 torum
262 352 385 415 consilia
422 353 598 434 decurrunt,
635 354 724 414 sicuti
759 372 840 414 nunc
876 355 922 413 vir
954 353 1137 414 clarissimus

117 444 308 524 Theodorus,
337 442 417 502 domi
440 441 561 521 quidem
583 441 706 523 nobilis,
732 442 783 502 sed
807 443 1043 503 modestissimae
1067 460 1137 503 cou-

117 535 299 594 versationis
324 532 464 610 opinione
487 533 673 612 generosior,
700 533 753 610 qui
780 549 835 610 per
857 531 972 592 litteras
995 549 1077 592 meas
1101 531 1137 591 ad

116 630 188 683 tuas
220 622 349 701 litteras,
380 619 412 679 id
445 627 490 681 est
522 620 558 681 ad
589 622 826 681 meracissimum
856 623 997 682 scientiae
1025 621 1137 681 fontem

119 710 265 773 laudabili
288 709 425 770 aviditate
448 710 662 790 proficiscitur,
686 727 746 770 non
769 710 857 770 modo
881 717 1056 789 reperturus
1075 708 1137 770 illic
1164 725 1177 766 5

117 803 186 880 ipse
206 799 285 879 quod
305 798 399 859 discat
418 798 470 858 sed
490 805 520 858 et
533 798 658 859 forsitan
672 797 820 858 relaturus
838 798 908 858 inde
928 799 1007 878 quod
1026 799 1137 859 doceat.

119 887 151 950 2.
177 891 226 950 cui
250 894 352 950 contra
374 894 511 966 potentes
536 888 748 968 factiososque,
777 889 804 947 si
827 895 925 948 vestra
948 889 1055 967 peritia
1078 905 1138 948 non

119 978 309 1040 abundanter
332 976 538 1058 opitularetur,
561 977 720 1056 prudentia
742 976 877 1037 consulta
901 977 1060 1036 sufficeret.
1091 994 1138 1036 re-

119 1067 276 1148 spondete,
300 1065 500 1147 obsecramus,
522 1067 582 1126 nisi
605 1065 689 1126 vobis
708 1073 808 1126 tamen
826 1068 983 1144 utriusque
1002 1072 1139 1125 nostrum

119 1159 221 1218 sociae
248 1172 354 1235 preces
382 1156 467 1214 oneri
492 1154 647 1215 fastidiove
675 1154 906 1236 reputabuntur,
934 1153 1045 1216 iudicio
1074 1171 1177 1235 suo,1o

117 1247 293 1306 testimonio
321 1261 387 1303 meo
416 1250 446 1304 et
474 1243 670 1304 substantiam
694 1262 873 1325 causamque
898 1243 1042 1324 supplicis
1065 1243 1138 1304 ssuc-

118 1341 256 1396 tuantem
279 1331 464 1394 medicabilis
487 1335 625 1412 responsi
649 1332 821 1394 salubritate
845 1333 956 1394 fulcite.
993 1331 1065 1392 vale.

600 1557 655 1624 XI.

306 1681 474 1736 amonius
494 1680 673 1737 summoto
693 1680 761 1736 suo
781 1679 958 1737 sanorum.

192 1792 220 1857 1.
251 1795 316 1856 Etsi
349 1795 532 1856 desiderium
564 1802 701 1856 nostrum
730 1796 914 1856 sinisteritas
937 1802 1019 1856 tanta
1046 1797 1138 1855 comi-

117 1893 216 1966 tatur,
248 1892 281 1946 ut
311 1887 400 1946 etiam
431 1903 511 1945 nunc
543 1887 655 1944 nostris
688 1885 847 1945 invidearis
880 1883 1045 1964 obtutibus,
1077 1902 1137 1944 non
1152 1899 1177 1939 15

121 1976 237 2036 idcirco
255 1977 282 2036 is
302 1993 344 2055 es,
362 1976 495 2034 virorum
514 1974 634 2054 optime,
653 1974 689 2034 de
709 1976 794 2035 cuius
808 1991 863 2034 nos
877 1973 1010 2034 moribus
1028 1972 1138 2033 lateant

120 2065 203 2126 celsa
229 2069 408 2124 memoratu:
438 2065 480 2123 ita
507 2065 607 2123 cuncti
634 2070 781 2123 nostrates
810 2063 948 2142 idemque
977 2069 1137 2123 summates

119 2155 180 2214 viri
213 2154 390 2232 optimarum
422 2159 452 2212 te
485 2153 800 2231 exactissimarumque
828 2154 959 2232 partium
985 2158 1138 2231 praestan-

119 2245 273 2303 tissimum
300 2240 543 2320 patremfamilias
572 2259 701 2301 consono
724 2243 883 2320 praeconio
906 2247 1136 2321 prosequuntur.

121 2329 152 2394 2.
184 2330 380 2410 adstipulatur
411 2330 481 2390 huic
513 2330 550 2389 de
582 2337 611 2390 te
645 2333 809 2391 sententiae
840 2329 989 2391 bonorum
1020 2329 1067 2390 vel
1095 2331 1137 2390 sic
1151 2346 1178 2386 ao

123 2420 238 2482 electus
262 2437 353 2498 gener
376 2418 422 2479 vel
446 2418 552 2479 educta
576 2421 619 2479 sic
643 2417 715 2500 lilia3
744 2423 776 2480 in
800 2437 926 2499 quorum
949 2418 1137 2499 copulatam

122 2509 242 2570 felicem
270 2507 327 2568 tibi
355 2509 588 2568 controversiam
615 2515 683 2569 vota
709 2517 904 2590 pepererunt,
936 2516 970 2569 ut
997 2507 1137 2588 ambigas,

122 2608 227 2660 utrum
249 2596 361 2658 iudicio
385 2615 422 2657 an
444 2599 631 2658 institutione
651 2600 846 2676 superaveris.
880 2597 932 2658 sed
950 2605 1049 2659 tamen
1067 2596 1137 2657 binc

121 2686 170 2748 vel
184 2705 331 2767 maxume,
350 2693 489 2765 parentes
504 2685 589 2746 ambo
604 2685 797 2768 venerabiles,
817 2694 879 2748 este
895 2689 1006 2748 securi:
1025 2685 1137 2746 idcirco

121 2783 241 2838 ceteros
272 2777 405 2856 vincitis,
437 2774 517 2854 quod
544 2792 596 2834 ros
624 2775 678 2836 filii
706 2778 899 2836 transierunt.
940 2777 1031 2854 igitur
1061 2773 1138 2833 dona
1151 2789 1176 2829 aa

120 2868 210 2926 venia
241 2863 356 2926 litteras
388 2865 513 2945 primas,
546 2882 619 2943 quas
652 2871 686 2925 ut
716 2865 843 2926 necdum
875 2866 993 2924 mittere
1024 2862 1137 2924 desidia

120 2955 229 3037 fuerat,
252 2956 293 3014 ita
316 2971 421 3014 vereor
448 2972 486 3014 ne
515 2954 554 3014 sit
576 2955 695 3014 misisse
719 2953 884 3032 garrulitas.
931 2951 1044 3013 carebit
1066 2970 1136 3012 sane

120 3051 260 3105 nostrum
280 3061 372 3104 naevo
391 3041 578 3120 loquacitatis
598 3043 736 3124 officium,
756 3045 782 3102 si
800 3041 935 3122 exemplo
955 3041 1137 3102 recursantis

121 3132 247 3212 alloquii
274 3131 489 3212 impudentiam
516 3134 640 3211 paginae
667 3134 833 3211 praesentis
857 3129 1026 3191 absolveris
1064 3128 1136 3190 vale.

197 3329 210 3375 1
230 3321 275 3376 vir
288 3321 373 3389 LN1,
395 3320 524 3402 exp3N‘,
546 3337 596 3377 om.
616 3320 710 3376 MGT
729 3323 738 3390 11
762 3325 795 3374 12
813 3319 910 3375 valeas
927 3320 951 3376 0
969 3322 979 3390 ll
1003 3325 1035 3374 13
1054 3321 1136 3376 tueor.

125 3411 177 3451 orn.
194 3393 220 3447 L
234 3393 243 3464 ll
263 3398 297 3446 14
315 3394 397 3447 tante
415 3391 585 3446 armateritas
607 3391 630 3447 0
640 3394 649 3462 ΙΙ
663 3398 696 3447 29
715 3391 811 3448 valeas
832 3391 861 3460 (J,
879 3409 929 3448 ora.
944 3392 983 3446 M
