2614 4030
199 207 342 263 XXXVIII
599 206 812 262 PRAEFATIO.

201 361 262 419 buc
285 376 309 416 v.
329 376 374 436 ep.
394 357 428 438 ll,
447 353 477 438 9,
496 353 526 418 4.
551 390 592 399 -
616 356 657 417 lb.
680 355 701 417 4
725 358 826 418 Sarra
851 359 964 436 scripsi.
1006 355 1048 417 Cf.
1072 356 1232 436 Engelbr.

199 445 246 506 l.l.
269 465 297 525 p.
321 441 368 506 15.
393 480 435 489 -
458 444 529 526 Vlll,
551 441 600 527 14,
619 444 640 507 2
662 449 800 507 Anticles
823 447 939 524 scripsi.
969 445 1011 507 lle
1030 450 1056 506 is
1075 453 1114 526 et,
1137 446 1229 524 quod

199 537 230 595 in
261 533 413 597 codIthus
442 540 500 615 est,
531 533 659 595 dubitari
689 541 799 614 potest,
828 553 865 594 an
893 536 1013 613 gravior
1043 535 1228 614 corruptela

199 623 288 684 lateat
311 631 341 684 et
363 623 584 703 Luctjohannus
607 642 661 703 pro
685 622 800 702 vulgata
823 622 949 684 lectione
979 628 1004 684 is
1027 631 1073 684 est
1101 625 1227 684 rectius

197 716 315 774 scilicet
341 713 537 792 proposuerit.
569 747 611 755 —
638 711 679 772 lb.
704 710 725 772 4
748 715 1021 787 slapraniissimum
1048 730 1084 772 co
1114 714 1228 772 miuus

198 807 313 862 mutare
337 801 428 883 volui,
453 797 534 881 quia,
557 801 635 880 quod
658 799 905 879 Engelbrechtius
929 819 1047 881 quoque
1072 793 1224 884 (Uoler-

199 885 293 950 sucb'
320 909 348 970 p.
368 884 426 974 93)
455 889 603 971 concedit,
632 893 663 950 in
695 889 751 950 hoc
784 897 924 951 contextu
957 893 1107 951 sermonis
1136 889 1223 950 haud

199 978 287 1040 dubIe
301 982 451 1058 propriam
467 979 711 1058 significationem
727 972 964 1062 (belliodernd')
979 978 1089 1040 habere
1105 985 1221 1057 potest.

201 1068 334 1147 Accedit,
363 1068 441 1147 quod
464 1067 626 1128 lionnetius
650 1067 667 1128 l.
687 1067 752 1147 lp.
773 1064 845 1148 175,
865 1064 886 1128 3
904 1066 1099 1147 probabiliter
1124 1085 1222 1147 expo·

198 1157 258 1217 suit
282 1160 443 1232 liuprandi
471 1156 593 1217 verbum
622 1159 653 1217 in
681 1155 773 1217 Gallia
800 1154 859 1216 illis
889 1157 948 1217 lam
970 1155 1162 1236 temporibus
1189 1160 1220 1216 in

200 1252 356 1324 utramque
385 1264 447 1305 rem
475 1243 571 1306 valere
600 1247 743 1325 coepisse,
769 1251 804 1305 ut
827 1247 915 1305 etiam
939 1245 1019 1306 idem
1042 1245 1122 1325 quod
1145 1245 1217 1320 sra-

196 1353 295 1410 prore
331 1333 502 1394 declararet.
549 1333 632 1406 Quod
667 1336 692 1394 si
724 1337 764 1394 ita
796 1339 856 1413 est,
892 1333 941 1394 illa
979 1335 1073 1395 forma
1106 1336 1216 1414 utique

198 1422 325 1484 tenenda
349 1430 402 1483 est.
418 1457 460 1466 —-
475 1422 546 1504 VIII,
568 1421 617 1503 16,
636 1421 657 1484 2
681 1441 717 1483 cx
736 1421 809 1481 IN·
826 1428 975 1484 muscivos
998 1423 1132 1484 scribere
1154 1442 1217 1484 non

198 1511 338 1572 dubitavi.
362 1546 403 1554 -
428 1510 468 1572 lb.
493 1509 513 1572 3
538 1512 615 1591 quod
639 1514 670 1572 in
694 1511 715 1572 C
739 1519 806 1590 post
829 1515 993 1573 taciturire
1016 1511 1126 1592 legitur
1151 1517 1215 1573 iam

199 1603 445 1682 deliberavimus,
471 1601 521 1662 hic
548 1600 631 1661 locus
659 1599 784 1662 multum
812 1599 889 1660 valet
917 1600 953 1660 ad
986 1600 1089 1682 alium,
1123 1619 1215 1680 quem

199 1707 288 1768 supra
311 1691 408 1770 attigi,
435 1697 515 1750 recte
544 1688 774 1770 diiudicandum,
798 1705 843 1768 ep.
863 1688 912 1769 lX,
932 1687 983 1770 14,
1007 1688 1027 1750 8
1051 1690 1133 1770 dico,
1164 1689 1216 1750 ubi

197 1780 230 1838 in
253 1777 356 1839 eodem
380 1779 469 1859 libro,
492 1785 525 1839 ut
549 1779 729 1840 constructio
748 1777 907 1839 verborum
927 1778 1093 1857 expeditior
1118 1779 1212 1858 tieret,

198 1871 358 1929 moliamur
381 1868 512 1928 additum
536 1875 590 1928 est.
609 1901 654 1912 -
672 1866 712 1926 lb.
732 1863 753 1928 5
771 1865 874 1927 Fausti
893 1866 958 1928 loco
982 1869 1013 1927 in
1037 1866 1102 1927 adn.
1124 1866 1210 1928 allato

198 1950 249 2039 (cl.
275 1959 364 2017 etiam
387 1956 465 2035 apud
489 1955 644 2017 Sidonium
667 1958 765 2035 ipsum
789 1974 833 2034 ep.
852 1955 901 2036 lx,
925 1952 1008 2036 15,1
1032 1975 1057 2016 v.
1080 1954 1137 2035 12,
1161 1955 1211 2016 nbi

200 2047 265 2105 voci
288 2047 454 2105 absolutius
473 2045 576 2105 eadem
598 2047 642 2105 vis
662 2043 795 2105 subiecta
813 2062 880 2104 esse
900 2038 1030 2128 ridetur)
1050 2047 1082 2105 in
1097 2044 1210 2105 Sidonii

198 2133 297 2193 verbis
335 2132 519 2211 corrigendis
551 2141 658 2212 quanta
691 2135 826 2194 cautione
859 2151 934 2212 opus
966 2141 1058 2213 esset,
1090 2134 1209 2194 demon-

199 2224 303 2301 strav13
328 2240 394 2282 nam
418 2223 445 2282 si
468 2224 636 2284 obsoletum
655 2221 794 2282 hocloco
813 2221 893 2282 idem
912 2240 977 2282 esse
1001 2222 1111 2304 videas,
1131 2223 1205 2302 quod

195 2315 400 2390 perspicuum,
424 2314 551 2390 ciorum,
574 2315 709 2388 simplex,
733 2328 793 2371 non
811 2311 870 2370 iam
894 2311 930 2371 de
954 2311 1060 2371 tradita
1084 2311 1206 2372 lectione

199 2398 324 2460 dubites.
372 2398 447 2460 Sane
480 2400 600 2478 quidem
632 2418 719 2479 qnam
756 2417 825 2460 vere
857 2399 907 2459 ille
941 2400 977 2460 de
1011 2418 1065 2461 suo
1102 2418 1206 2479 genere

199 2488 317 2549 dicendi
340 2490 561 2570 existimaverit,
581 2489 637 2549 alia
656 2490 789 2568 quaestio
809 2495 866 2568 est3
887 2491 952 2566 ipsc
972 2496 1052 2549 certe
1072 2507 1204 2549 sermone

198 2577 295 2658 arido,
323 2576 406 2658 exili,
436 2579 561 2638 maxima
589 2596 626 2638 ex
656 2585 740 2656 parte
763 2576 879 2656 vulgato
903 2579 946 2638 uti
972 2577 1029 2638 sibi
1052 2580 1132 2639 visus
1156 2586 1205 2638 est.

198 2664 240 2726 lle
267 2666 323 2726 hoc
350 2684 408 2727 usu
435 2683 539 2726 vocum
570 2669 717 2747 obsolute,
744 2668 912 2741 absolutus,
946 2668 1031 2746 cuius
1064 2668 1205 2746 imprimis

198 2755 273 2834 apud
293 2753 438 2815 Htlarium
456 2755 547 2816 multa
570 2753 703 2834 exempla
723 2761 892 2835 occurrunt,
910 2774 936 2815 v.
951 2754 1108 2815 Woelfflin.
1123 2756 1203 2816 Arclr.

198 2844 243 2925 Vl,
264 2841 335 2906 170.
357 2841 417 2906 181
436 2862 478 2923 sq.
503 2878 545 2886 -
569 2844 621 2925 lX,
644 2845 669 2924 l,
690 2841 709 2904 3
733 2845 818 2922 prius
838 2851 938 2920 potest
960 2843 1077 2904 seclusi.
1101 2878 1143 2888 -
1164 2844 1201 2904 lb.

198 2937 308 3008 quidve
335 2934 366 2993 in
394 2937 527 3008 quidque
551 2941 666 2994 mutare
695 2932 790 3012 nolui,
819 2934 887 3010 quia
915 2951 951 2993 oe
978 2951 1038 2994 non
1066 2951 1132 2993 raro
1154 2951 1202 3012 pro

198 3040 256 3097 pue
278 3025 407 3101 ponitur.
423 3056 465 3064 —
480 3018 557 3083 lb.5
580 3025 612 3083 ln
635 3028 743 3082 conatu
762 3039 827 3081 meo
851 3020 1019 3082 difficiIIImi
1042 3022 1129 3082 buius
1150 3022 1202 3082 loci

199 3110 375 3172 emendandi
407 3111 461 3170 hac
492 3113 606 3171 ratione
640 3110 745 3171 ductus
783 3128 849 3170 sum
881 3112 913 3170 in
945 3111 1103 3190 archetypo
1135 3110 1202 3170 nibli

200 3199 292 3259 luisse
319 3201 378 3260 nisi
401 3207 470 3260 loos
494 3204 557 3275 coi,
581 3199 695 3279 reliqua
719 3218 734 3258 a
758 3198 889 3260 librariis
912 3206 1024 3260 temere
1047 3201 1202 3278 excogitata

199 3306 280 3368 esse,
310 3307 412 3349 verum
441 3307 478 3348 ne
503 3288 551 3348 illa
576 3289 696 3368 quidem
722 3287 811 3347 verba
834 3295 915 3348 recte
939 3306 971 3348 se
998 3287 1121 3369 habere,
1146 3289 1201 3368 scd,

200 3379 226 3437 si
259 3377 330 3456 quid
363 3379 482 3437 omnino
520 3377 556 3437 ad
589 3395 698 3438 nomen
730 3378 915 3453 Apollinaris
943 3376 1109 3437 addendum
1136 3386 1200 3458 erat,

199 3484 282 3527 meus
309 3465 355 3525 vel
383 3473 485 3527 noster
514 3465 672 3527 dicendum
695 3466 787 3526 luisse
815 3459 866 3548 (cl.
891 3484 936 3544 ep.
959 3464 991 3545 V,
1013 3463 1102 3545 11,3
1128 3485 1200 3527 meos

198 3556 251 3628 Α.,·
279 3554 351 3634 Vlll,
371 3552 400 3634 6,
422 3551 462 3615 12
491 3562 594 3616 noster
616 3557 668 3626 Α.;
701 3558 765 3615 sine
797 3556 971 3635 pronomine
1004 3573 1049 3634 ep.
1068 3554 1099 3635 V,
1117 3551 1143 3635 9,
1159 3549 1199 3638 4).
