2636 4032
166 210 230 275 106
529 207 638 262 LIBER
658 208 824 275 QUINTUS.

164 378 232 420 rum
250 357 419 419 munusculi
441 360 504 419 vice
524 359 629 441 detuli;
653 376 839 439 quamquam,
863 375 937 437 quae
957 365 1007 418 tua
1027 357 1184 435 sanctitas,

165 465 283 528 semper
305 447 426 525 grandia
449 447 562 508 litteras
586 455 702 508 nostras
724 449 857 526 praemia
875 453 970 526 putes.
1009 444 1038 509 3.
1062 448 1184 506 interea

164 538 373 598 necessitatem
402 537 526 616 praefati
554 539 708 617 portitoris
736 538 868 616 insinuo,
896 554 985 615 quem
1007 537 1099 595 traxit
1121 537 1187 594 isto

164 627 276 705 negotii
299 623 396 685 oborti
418 624 558 704 bipertita
582 626 725 687 condicio.
768 624 915 704 siquidem
933 624 988 684 hac
1009 623 1187 684 definitione

137 716 308 795 operrexit,
336 720 369 774 ut
397 721 447 775 aut
469 717 549 774 ineat
571 714 654 775 litem
677 721 727 774 aut
750 714 835 774 adeat
857 713 1061 774 hereditatem.
1107 729 1180 772 nam

163 803 291 883 patrueli
308 810 432 882 paterno
452 802 557 863 caelibi
576 805 773 882 intestatoque
789 803 927 863 defuncto
941 820 996 880 per
1010 803 1183 881 agnationis

163 894 396 972 praerogativam
419 892 579 953 succedere
602 899 695 972 parat,
718 893 777 952 nisi
800 899 899 952 tamen
918 892 1031 969 coeptis
1055 890 1182 952 factiosa

162 983 207 1041 vis
231 980 337 1041 obviet.
383 988 485 1042 contra
508 999 581 1060 quas
608 988 707 1041 tamen
731 987 852 1042 cunctas
880 978 1069 1040 difficultates
1093 979 1178 1040 solus

163 1077 231 1150 post
249 1088 336 1149 opem
354 1068 465 1130 Christi
486 1069 612 1147 supplici
630 1077 681 1130 tuo
702 1069 824 1150 sufficie,
846 1071 931 1130 cuius
951 1068 1066 1128 conlido
1087 1068 1179 1148 quod,

124 1177 149 1217 ro
164 1161 190 1219 si
222 1161 366 1219 meruerit
401 1177 528 1238 persona
560 1160 696 1241 gratiam,
734 1165 933 1237 consequetur
965 1175 1054 1218 causa
1085 1159 1181 1218 victo-

164 1249 246 1307 riam.
284 1246 355 1307 vale.

649 1418 690 1485 Π.

327 1540 496 1598 SIDONIUS
515 1540 722 1596 NYMPHIDIO
742 1540 811 1597 SUO
832 1540 1010 1597 SALUTEM.

232 1653 260 1719 l.
278 1655 401 1717 Librum
416 1656 452 1716 dc
468 1662 545 1716 statu
559 1659 674 1716 animae
688 1655 786 1716 trihus
804 1654 1003 1716 voluminibus
1018 1655 1178 1716 inlustrem

163 1746 323 1806 Mamertus
360 1745 538 1806 Claudianus
574 1746 774 1824 peritissimus
809 1743 1046 1805 Christianorum
1081 1742 1180 1825 philo-

125 1850 149 1891 1⁵
164 1835 274 1914 sophus
307 1842 337 1896 et
365 1832 566 1922 quorumlihet
592 1836 706 1912 primus
736 1833 921 1894 cruditorum
948 1835 1018 1893 totis
1048 1839 1178 1894 sectatae

164 1923 367 2003 philosophiae
384 1921 536 1986 ,memhris
564 1921 677 1983 artibus
704 1920 896 2002 partibusque
927 1939 1045 1983 comere
1073 1929 1103 1982 et
1126 1941 1180 1983 ex-

164 2013 261 2074 colere
276 2014 398 2092 curavit,
416 2029 522 2072 novem
536 2029 609 2090 quas
622 2018 728 2072 vocant
741 2011 839 2072 Musas
854 2010 1025 2090 disciplinas
1040 2013 1179 2090 aperiens

164 2120 243 2182 esse,
271 2119 330 2161 non
353 2100 485 2161 feminas.
522 2118 649 2179 namque
673 2102 704 2160 in
726 2101 843 2180 paginis
866 2101 931 2160 eius
954 2099 1060 2179 vigilax
1084 2099 1181 2160 lector

164 2191 296 2250 inveniet
317 2191 433 2250 veriora
456 2191 575 2249 nomina
595 2187 799 2269 Camenarum,
823 2206 898 2268 quae
917 2191 1068 2268 propriam
1087 2189 1123 2249 de
1144 2207 1176 2250 se

125 2294 151 2333 ro
165 2278 222 2339 sibi
236 2279 355 2358 pariunt
368 2278 625 2356 nuncupationem.
649 2276 710 2338 illic
730 2278 809 2339 enim
824 2285 854 2338 et
867 2279 1057 2356 grammatica
1071 2277 1178 2338 dividit

165 2374 194 2427 et
217 2369 344 2427 oratoria
368 2365 511 2428 declamat
534 2373 564 2426 ct
586 2367 771 2428 arithmetica
793 2373 930 2427 numerat
949 2374 979 2426 et
997 2369 1178 2445 geometrica

164 2458 286 2516 metitur
309 2461 339 2515 et
361 2457 474 2516 musica
496 2455 641 2535 ponderat
664 2462 693 2516 et
712 2455 864 2516 dialectica
883 2455 1014 2535 disputat
1032 2462 1063 2516 et
1080 2464 1176 2517 astro-

100 2593 103 2602 ,
164 2544 241 2623 logia
262 2546 434 2624 praenoscit
456 2552 486 2605 et
508 2544 736 2606 architectonica
760 2546 849 2606 struit
872 2551 902 2604 et
924 2546 1048 2605 metrica
1070 2544 1176 2604 modu-

164 2633 249 2695 latur.
278 2630 307 2693 2.
321 2633 410 2693 huius
425 2632 560 2694 lectionis
575 2635 703 2694 novitate
722 2633 847 2694 laetatus
862 2635 1066 2712 excitatusque
1080 2641 1178 2694 matu-

124 2737 150 2778 so
164 2725 250 2783 ritate
279 2723 386 2801 raptim
414 2721 626 2783 recensendam
654 2722 963 2803 transferendamque,
993 2729 1027 2783 ut
1049 2722 1176 2803 videras,

163 2813 278 2892 petisti,
300 2818 334 2872 ut
355 2813 499 2892 petieras,
526 2813 692 2891 impetrasti
716 2809 771 2872 suh
795 2812 955 2890 sponsione
979 2813 1053 2872 citae
1077 2811 1177 2871 redhi-

163 2899 294 2961 bitionis.
339 2918 395 2960 uec
423 2918 470 2960 me
498 2899 559 2960 falli
586 2918 642 2961 nec
670 2906 700 2959 te
727 2898 828 2959 fallere
853 2900 946 2960 dccet
991 2908 1109 2979 tempus
1132 2907 1180 2960 est

164 2989 346 3050 commodata
370 2990 498 3070 restitui,
522 2991 590 3068 quia
614 2986 690 3048 liber
713 2989 786 3068 ipsc,
811 2989 837 3048 si
859 2987 980 3069 placuit,
1002 2987 1106 3050 debuit
1128 3007 1177 3049 ex-

238 3149 251 3196 1
272 3141 362 3196 detuli
380 3157 436 3213 eqo,
455 3140 559 3195 detulit
572 3142 648 3197 codd.
666 3143 670 3210 Ι
687 3145 736 3210 (on
754 3140 800 3195 cui
817 3157 874 3195 non
890 3156 994 3194 vacans
1008 3143 1060 3208 (ccl
1074 3157 1177 3197 vacans

167 3214 287 3283 animus)
311 3230 362 3282 per
387 3228 467 3266 suam
490 3213 541 3272 (ccl
563 3213 657 3267 nescio
681 3216 777 3281 quam)
800 3211 973 3282 provinciam
996 3211 1068 3266 fuit?
1095 3213 1179 3268 Lact-

162 3285 283 3354 johaom)
304 3286 314 3353 Ι
336 3290 353 3338 4
371 3283 425 3337 hac
444 3281 613 3338 diffinitione
631 3282 839 3354 praelectione
858 3285 890 3338 in
909 3300 964 3338 roo.
984 3284 1031 3337 M¹
1051 3287 1056 3351 Ι
1076 3282 1180 3337 diffini·

166 3354 245 3409 tione
263 3356 342 3424 (corr.
362 3371 396 3410 cc
414 3353 559 3409 diffinione
580 3355 704 3425 0¹)0Ti
720 3359 752 3408 15
770 3372 810 3410 ooo
827 3356 969 3409 secretae?
987 3354 1180 3424 havelam

167 3427 201 3492 cf.
216 3443 256 3495 cp.
273 3427 339 3495 VII,
350 3429 403 3494 9,9
418 3428 541 3480 sectatae
556 3425 757 3481 anachoreseos
771 3428 781 3495 ss
795 3431 828 3479 22
847 3424 956 3478 musica
969 3431 995 3480 ct
1008 3431 1047 3481 23
1063 3425 1181 3481 metrica

168 3497 256 3551 locum
268 3503 374 3552 mutare
387 3498 467 3551 molit
481 3497 663 3552 Wilomowitz
677 3500 686 3567 [l
700 3503 733 3552 23
749 3495 969 3551 architectonica
981 3496 1069 3566 LM¹,
1089 3494 1181 3550 archi-

167 3565 306 3621 tectorica
324 3567 371 3620 Μ’
377 3566 430 3621 CT
440 3568 450 3636 l
464 3571 498 3620 28
516 3565 589 3620 liber
606 3584 656 3622 om.
677 3567 701 3624 0
710 3570 719 3638 ΙΙ
