2614 4030
173 159 216 224 36
519 156 626 211 LIBER
645 155 841 212 SECUNDUS.

171 301 287 392 stabis),
307 307 430 368 daturus
448 307 519 367 hinc
536 308 661 387 veniam,
685 306 763 385 quod
782 305 955 366 brevitatem
975 305 1033 366 sibi
1052 306 1183 369 debitam

169 396 257 478 paulo
277 395 481 475 scrupulosior
500 394 626 475 epistula
645 397 781 476 excessit,
799 395 870 456 dum
888 401 983 456 totum
997 397 1076 457 ruris
1092 398 1184 458 situm

172 485 297 547 sollicita
324 487 463 568 rimatur;
491 503 565 564 quae
593 491 694 545 tamen
722 484 926 545 summovendi
953 483 1065 545 fastidii
1088 485 1187 546 studio

170 594 226 636 nec
245 581 349 635 cuneta
368 576 553 652 perstrinxit.
586 581 766 652 quapropter
784 572 880 634 bonus
899 571 1010 634 arbiter
1028 579 1058 634 et
1076 576 1183 636 artifex

142 664 263 724 alector
281 681 340 723 non
359 665 505 744 paginam,
529 680 603 742 quae
624 664 717 742 spatia
736 661 887 743 describit,
907 662 959 722 sed
977 661 1084 743 villam,
1104 682 1179 743 quae

171 751 515 832 spatiosadescribitur,
539 751 679 830 grandem
702 750 945 830 pronuntiabunt,
977 750 1049 812 vale.

653 976 710 1043 111.

384 1097 555 1154 smomus
574 1098 689 1153 rudior
709 1097 776 1154 suo
797 1097 974 1155 surorum

177 1202 179 1207 ’
238 1210 266 1274 1.
297 1213 416 1274 Gaudeo
445 1219 488 1294 te,
518 1212 636 1273 domine
664 1215 772 1294 maior,
802 1212 1001 1292 amplissimae
1032 1213 1186 1292 dignitatis

174 1302 282 1364 iniulas
306 1309 507 1363 consecutum.
555 1300 606 1361 sed
631 1301 661 1361 id
684 1302 757 1362 mibi
781 1300 817 1362 ob
840 1302 897 1362 hoc
921 1301 1015 1362 solum
1039 1302 1186 1363 destinato

132 1411 158 1451 ro
171 1391 324 1453 tabellario
343 1391 511 1451 nuntiatum
530 1408 590 1451 non
609 1392 707 1451 minus
726 1390 848 1469 gaudeo.
880 1409 949 1452 nam
967 1391 1037 1452 licet
1054 1393 1085 1451 in
1098 1410 1183 1470 prae·

173 1482 336 1542 sentiarum
369 1482 410 1540 sis
442 1481 615 1559 potissimus
643 1482 832 1559 magistratus
865 1488 894 1540 et
926 1482 957 1540 in
984 1479 1062 1541 lares
1088 1479 1186 1541 Phila·

172 1571 291 1648 grianos
324 1570 467 1649 patricius
501 1585 575 1647 apex
607 1570 698 1628 tantis
734 1575 802 1648 post
835 1567 959 1630 saeculis
991 1576 1041 1629 tua
1072 1575 1189 1630 tantum
1301 1601 1302 1642 q

173 1658 313 1719 felicitate
337 1658 528 1737 remeaverit,
556 1659 672 1717 invenis
695 1665 807 1739 tamen,
836 1660 881 1717 vir
904 1660 1101 1719 amicitiarum
1125 1676 1188 1718 ser·
1301 1661 1302 1736 ᾗ

172 1750 354 1828 vantissime,
378 1745 505 1826 qualiter
528 1746 675 1806 honorum
697 1753 818 1808 tuorum
843 1754 957 1808 crescat
980 1749 1187 1808 communione
1301 1747 1302 1774 ¹

135 1853 161 1895 ιε
175 1837 335 1918 fastigium,
358 1853 484 1915 raroque
508 1852 616 1914 genere
641 1835 767 1915 exempli
786 1835 972 1896 altitudinem
992 1843 1072 1897 tuam
1091 1835 1187 1897 humi·
1301 1915 1302 1920 ἵ

173 1925 253 1985 litate
269 1925 419 1986 sublimas.
450 1923 478 1985 2.
499 1926 542 1984 sic
557 1923 705 2003 quondam
720 1924 862 1995 Quintum
875 1923 1000 1985 Fabium
1013 1926 1188 2004 magistrum

174 2017 306 2093 equitum
325 2014 485 2074 dictatorio
505 2015 599 2091 rigori
617 2020 647 2073 et
665 2011 838 2093 Papirianae
857 2012 1014 2093 superbiae
1034 2013 1115 2074 favor
1132 2033 1186 2093 pu-

174 2101 269 2163 blicus
293 2100 450 2182 praetulit,
473 2101 517 2161 sic
540 2109 569 2162 et
593 2101 724 2162 Gnaeum
745 2100 919 2182 Pompeium
943 2120 1033 2182 super
1056 2102 1187 2164 aemulos

176 2190 282 2251 extulit
304 2208 466 2269 numquam
494 2189 624 2252 fastidita
647 2190 843 2273 popularitas3
872 2193 914 2252 sio
938 2190 1078 2252 invidiam
1101 2191 1188 2252 Tibe·

138 2299 165 2338 20
180 2281 294 2340 rianam
321 2281 432 2359 pressit
454 2281 655 2340 universitatis
679 2298 778 2341 amore
803 2280 1004 2341 Germanicus.
1050 2282 1189 2358 quocirca

174 2367 242 2428 nolo
262 2367 319 2428 sibi
341 2367 377 2428 de
397 2366 585 2429 successibus
604 2370 663 2429 tuis
679 2369 855 2449 principalia
868 2367 1012 2430 beneficia
1026 2368 1189 2448 plurimum

174 2456 378 2538 blandiantur,
412 2475 486 2536 quae
516 2455 590 2517 nibil
619 2456 675 2518 tibi
702 2459 828 2537 amplius
857 2458 991 2518 conferre
1019 2463 1189 2539 potuerunt,

178 2564 271 2625 quam
294 2553 337 2628 ut,
360 2548 386 2605 si
409 2545 438 2605 id
462 2545 670 2627 noluissemus,
693 2549 890 2611 transiremur
913 2548 1005 2607 inviti.
1042 2545 1114 2607 illud
1138 2565 1189 2625 pe·

176 2634 286 2696 culiare
311 2642 398 2696 tuum
422 2642 477 2716 est,
500 2634 572 2696 illud
592 2636 702 2714 gratiae
722 2635 890 2717 singularis,
914 2635 992 2714 quod
1010 2642 1072 2695 tam
1090 2637 1141 2714 qui
1159 2642 1188 2696 te

135 2742 162 2784 ea
176 2723 360 2786 aemulentur
374 2741 434 2784 non
447 2723 539 2784 habes
555 2742 642 2802 quam
656 2742 716 2785 non
731 2727 846 2785 invenis
862 2726 913 2804 qui
927 2731 1097 2804 sequantur.
1117 2723 1189 2785 vale.
1301 2745 1302 2786 4

655 2949 711 3016 IV.

340 3071 507 3127 smomos
527 3070 744 3128 SAGITTARIO
764 3071 832 3128 SUO
852 3071 1029 3127 SALUTEM.

246 3186 274 3247 1.
307 3185 358 3246 Vir
390 3185 573 3247 clarissimus
599 3184 767 3266 Proiectus,
799 3185 880 3247 domi
911 3185 1019 3246 nobilis
1048 3193 1077 3246 et
1106 3192 1189 3265 patre

180 3280 345 3353 patruoque
374 3274 598 3356 spectabilibus,
626 3293 679 3335 avo
704 3277 792 3336 etiam
815 3276 1069 3353 praestantissimo
1095 3292 1190 3334 sacer-

252 3450 266 3498 1
285 3443 332 3499 hic
351 3463 419 3502 corr.
440 3447 472 3500 in
489 3445 555 3500 hinc
576 3444 617 3511 0¹,
635 3444 702 3499 hinc
720 3447 750 3516 (n
768 3447 800 3500 in
816 3462 871 3500 ros.
885 3445 991 3514 M¹)M‚
1009 3444 1056 3500 vel
1073 3444 1119 3498 hic
1137 3461 1157 3500 e.
1173 3447 1190 3501 l.

180 3515 244 3571 add.
260 3516 307 3570 Ma
320 3519 359 3586 119
380 3516 485 3589 solum]
504 3516 597 3587 ipsum
612 3517 658 3587 ΤΙΙ
673 3522 705 3570 16
725 3515 832 3571 fabium
846 3533 895 3572 om.
914 3516 937 3573 G
946 3519 956 3588 ss
970 3522 1003 3571 26
1023 3515 1128 3586 siagrio
1151 3515 1174 3572 0
1183 3517 1192 3590 ii
1301 3579 1302 3582 ,
