2614 4030
318 209 485 265 SIDONlUS
503 209 656 265 DOMITIO
677 209 745 266 SUO
765 209 942 266 SALUTEM.
1096 212 1138 277 31
1255 281 1257 287 ,

125 379 220 441 usque
240 363 272 421 in
290 363 454 440 marginem
473 360 567 441 villae,
587 379 661 440 quae
681 363 713 421 in
727 360 841 422 Borean
856 360 1055 440 Austrumque
1070 380 1139 422 con-

124 453 219 512 versis
242 449 391 511 frontibus
409 450 550 510 tenditur.
587 447 617 510 4.
640 449 791 510 balineum
814 449 849 510 ab
868 451 967 511 Africo
989 450 1140 512 radicibus

124 557 298 600 nemorosae
320 541 404 618 rupis
428 539 621 619 adhaerescit,
645 545 675 599 et
698 541 725 600 si
743 539 854 600 caedua
872 558 926 619 per
944 541 1048 619 iugum
1067 540 1139 601 silva

123 635 293 709 truncetur,
320 629 353 688 in
380 646 432 688 ora
455 628 584 689 fornacis
607 628 692 708 lapsu
715 628 796 690 velut
819 635 981 707 spontaneo
1005 629 1139 690 deciduis

125 718 258 779 struibus
281 718 464 797 impingitur.
502 717 572 778 hine
595 736 738 797 aquarum
763 719 859 796 surgit
882 717 955 778 cella
979 717 1139 799 coctilium,
1167 735 1179 776 s

125 826 200 887 quae
225 808 421 885 consequenti
443 809 658 884 unguentariae
682 809 770 887 spatii
792 806 939 886 parilitate
958 807 1141 886 conquadrat

123 903 248 975 excepto
267 895 335 957 solii
355 896 472 974 capacis
490 895 674 976 hemicyclio,
697 895 749 957 ubi
768 903 798 956 et
816 897 861 956 vis
880 895 976 956 undae
996 896 1139 957 ferventis

123 1003 178 1066 per
196 987 342 1064 parietem
360 983 571 1045 foraminatum·
587 984 695 1045 flendis
713 985 828 1065 plumbi
845 983 993 1045 meatibus
1007 983 1140 1064 inplicita

124 1075 273 1154 singultat.
311 1075 389 1135 iutra
417 1073 554 1134 conclave
583 1091 761 1135 succensum
788 1073 902 1134 solidus
926 1074 990 1134 dies
1014 1074 1139 1135 ethaeo

124 1164 303 1225 abundantia
321 1163 397 1224 lueis
417 1161 559 1244 inclusae,
577 1169 610 1223 ut
626 1163 810 1234 verecundos
831 1180 963 1242 quosque
983 1163 1179 1243 compellatm

122 1253 235 1333 aliquid
267 1271 300 1313 se
333 1251 400 1331 plus
428 1259 532 1331 putare
561 1269 650 1331 quam
677 1252 781 1313 nudos.
828 1250 857 1314 5.
887 1251 958 1313 hinc
986 1252 1138 1331 frigidaria

123 1342 276 1423 dilatatur,
309 1359 383 1420 quae
411 1342 542 1422 piscinas
569 1340 697 1420 puhlicis
728 1341 869 1421 operibus
901 1348 1051 1402 extructas
1079 1360 1139 1402 non

123 1431 313 1511 impudenter
341 1429 547 1490 aemrdaretur.
598 1432 728 1509 primum
760 1433 833 1491 tecti
860 1433 943 1510 apice
971 1432 1003 1490 in
1031 1449 1139 1491 conum

124 1521 318 1601 cacuminato,
338 1537 406 1580 cum
420 1518 456 1579 ab
472 1518 586 1598 angulis
602 1519 812 1599 quadrifariam
828 1522 1037 1580 concurrentia
1051 1520 1138 1580 dorsa

124 1612 282 1670 cristarum
310 1607 418 1688 tegulis
446 1606 691 1669 interiacentibus
714 1608 944 1669 imbricarentur
967 1602 1046 1692 (ipsa
1068 1627 1138 1669 vero
1154 1627 1179 1668 ra

125 1696 370 1759 convenientibus
389 1699 539 1758 mensuris
559 1699 746 1758 exactissima
766 1699 949 1777 spatiositate
969 1697 1139 1777 quadratur,

124 1790 167 1848 ita
194 1795 228 1848 ut
261 1788 498 1847 ministeriorum
532 1805 598 1847 sese
631 1805 692 1847 non
719 1786 899 1866 impediente
927 1785 1069 1846 famulatu
1095 1793 1139 1846 tot

124 1879 220 1956 possit
239 1878 373 1955 recipere
395 1875 491 1956 sellae,
511 1883 582 1955 quot
601 1875 676 1936 solet
695 1878 788 1955 sigma
807 1868 973 1957 personas),
992 1875 1138 1934 fenestras

123 1985 138 2026 e
168 1968 289 2044 regione
318 1964 454 2025 conditor
481 1964 567 2025 binas
595 1966 723 2026 confinio
751 1982 884 2025 camerae
907 1963 1064 2043 pendentis
1088 1962 1137 2022 ad-

122 2057 224 2136 movit,
248 2061 280 2115 ut
304 2055 520 2132 suspicientum
542 2056 621 2115 visui
644 2052 837 2114 fabrefactum
860 2052 981 2113 lacunar
999 2054 1136 2132 aperiret.
1151 2071 1177 2111 ao

123 2146 249 2205 interior
266 2145 414 2222 parietum
432 2143 523 2203 facies
543 2142 605 2203 solo
624 2143 741 2222 levigati
761 2144 907 2204 caementi
925 2141 1052 2202 candore
1068 2159 1137 2202 con-

122 2240 204 2293 tenta
218 2239 271 2293 est.
300 2230 328 2293 6.
342 2249 404 2292 non
416 2231 466 2292 hic
480 2249 535 2311 per
548 2232 657 2293 nudam
672 2234 820 2311 pictorum
835 2249 994 2310 corporum
1006 2230 1137 2310 pulchri-

122 2321 257 2383 tudinem
284 2323 381 2401 turpis
409 2327 524 2400 prostat
551 2321 688 2402 historia,
717 2339 791 2400 quae
821 2323 899 2382 sicut
926 2326 1011 2380 ornat
1034 2328 1137 2400 artem,

123 2412 167 2471 sic
187 2410 361 2471 devenustat
379 2411 532 2480 artificem.
570 2409 678 2471 absunt
696 2409 815 2470 ridiculi
833 2411 941 2470 vestitu
960 2416 990 2469 et
1008 2408 1136 2470 vultibus

121 2500 284 2560 histriones
297 2501 457 2578 pigmentis
474 2497 712 2560 multicoloribus
725 2498 908 2558 Philistionis
923 2496 1138 2577 supellectilem
1151 2515 1177 2558 as

121 2590 310 2649 mentientes.
348 2587 457 2648 absunt
479 2587 588 2648 lubrici
606 2589 791 2666 tortuosique
811 2586 945 2666 pugilatu
963 2594 993 2646 et
1011 2587 1137 2648 nexibus

121 2677 320 2757 palaestritae,
345 2694 472 2756 quorum
495 2679 585 2737 etiam
607 2679 757 2737 viventum
780 2676 884 2757 luctaS,
907 2677 933 2735 si
952 2675 1137 2736 involvantur

123 2765 292 2847 obscenius,
311 2773 392 2826 casta
411 2766 568 2826 confestim
587 2766 880 2845 gymnasiarchorum
898 2766 980 2843 virga
995 2764 1136 2825 dissolvit.

124 2854 152 2917 7.
182 2855 253 2934 quid
281 2851 388 2936 plura?
422 2855 495 2915 nihil
523 2854 582 2914 illis
610 2857 726 2934 paginis
754 2857 934 2933 impressum
961 2855 1137 2934 reperietur,

194 3085 207 3134 l
227 3079 334 3133 borean
352 3078 454 3150 LVM,
474 3077 590 3134 boream
610 3078 663 3134 GT
682 3081 691 3147 l
713 3085 729 3133 2
749 3077 894 3132 balineum
912 3077 982 3146 LN,
1002 3075 1136 3130 balneum

121 3151 159 3206 M
162 3149 190 3221 0,
210 3149 353 3204 balmeum
371 3167 440 3206 corr.
459 3151 491 3205 t'it
509 3149 643 3204 balneum
662 3151 699 3204 T'
712 3153 752 3219 [17
772 3147 821 3203 ubi
840 3151 869 3202 et
889 3147 930 3202 vis
949 3147 1042 3202 undae
1060 3164 1099 3218 sp.
1118 3152 1136 3202 9

1 3209 3 3229 '
121 3223 138 3278 l.
158 3239 182 3277 o.
202 3239 253 3278 om.
268 3221 295 3276 L
308 3225 348 3292 [lt
367 3220 442 3276 inter
461 3221 535 3292 ort
550 3227 583 3276 13
603 3221 759 3276 aemuletur
779 3221 805 3274 Τ
821 3221 830 3290 l}
850 3224 883 3273 15
901 3219 966 3289 ipsa
985 3234 1052 3274 vero
1072 3235 1136 3273 con-

119 3291 300 3348 venientibus
320 3292 543 3375 (concinentibus
563 3293 722 3348 Wowwerea
736 3298 761 3348 et
776 3291 890 3361 dataro)
904 3289 1041 3344 mansuris
1057 3306 1137 3344 exac-

121 3363 234 3420 tissima
258 3363 439 3434 spatmsitate
464 3365 617 3433 quadratur
640 3367 692 3419 ias.
707 3370 772 3434 post
794 3361 1011 3417 imbricarentur
1027 3363 1136 3418 Neruii

119 3438 221 3508 coclear,v
227 3444 292 3508 post
308 3451 442 3505 personas
462 3436 614 3492 Vaticanus
632 3433 756 3506 Reginae
771 3438 837 3502 216,
855 3433 1011 3504 Philippici
1023 3439 1097 3488 1685
1111 3439 1137 3488 et

121 3512 192 3563 3671
208 3509 321 3578 aliique,
335 3523 384 3562 ona.
395 3506 461 3561 LN
468 3507 531 3561 VM
537 3507 588 3561 01⁷
599 3511 608 3578 ΙΙ
623 3512 657 3561 18
672 3507 755 3578 solet]
771 3505 836 3560 solii
845 3505 981 3562 Sirmoad.
995 3507 1005 3576 l
1020 3509 1052 3559 19
1067 3520 1136 3574 pen-

119 3578 219 3634 dentes
243 3579 300 3635 VT
310 3580 320 3648 l
335 3583 369 3632 20
388 3576 601 3647 suspicientium
622 3578 661 3649 (il
677 3579 795 3633 lucunar
813 3577 876 3633 LN
887 3580 897 3648 l
