2636 4032
282 231 449 290 SIDONIUS
469 233 677 288 CLAUDIANO
697 233 765 289 SUO
785 233 963 289 SALUTEM.
1087 234 1128 300 75

105 387 257 448 adversus
281 403 361 465 cum,
391 403 479 463 quem
503 390 605 444 contra
628 383 769 463 loquitur,
801 391 928 464 exertat,
954 401 1071 444 morum
1094 402 1128 444 ao
1242 383 1245 392 '

106 475 282 536 studiorum
308 473 426 552 linguae
454 475 611 551 utriusque
635 471 797 551 symbolam
819 475 884 533 iure
909 472 968 533 sibi
990 472 1127 534 vindicat.

105 567 206 625 sentit
228 570 263 624 ut
280 562 460 642 Pythagoras
483 562 589 621 dividit
607 568 641 621 ut
659 561 805 642 SocrateS,
829 561 956 640 explicat
974 569 1008 622 ut
1025 561 1128 623 Platon

105 653 247 733 implicat
275 658 309 712 ut
330 650 519 731 Aristoteles,
547 657 581 710 ut
602 650 764 711 Aeschines
792 649 943 711 blanditur
966 660 1000 711 ut
1022 650 1127 711 Demo-

107 743 236 803 sthenes
255 742 404 821 irascitur,
423 746 526 800 vernat
544 746 577 799 ut
593 737 772 800 Hortensius
791 746 906 800 aestuat
924 748 957 800 ut
971 739 1128 822 Cethegus,
1155 763 1168 803 s

107 833 220 916 incitat
246 836 280 889 ut
307 828 397 890 Curio
424 836 557 889 moratur
584 836 618 888 ut
643 827 766 909 Fabius,
797 828 915 889 simulat
941 836 975 890 ut
1003 825 1128 890 Crassus

108 917 283 981 dissimulat
305 925 339 978 ut
362 917 482 998 Caesar,
506 917 610 978 suadet
633 924 666 977 ut
689 917 760 978 Cato
784 917 937 978 dissuadet
959 925 993 978 ut
1015 919 1127 998 Appius

109 1007 274 1090 persuadet
304 1014 338 1067 ut
364 1006 487 1067 Tullius
535 1005 563 1068 7.
591 1009 650 1066 iam
678 1009 703 1066 si
734 1007 769 1067 ad
798 1014 1001 1068 sacrosanctos
1028 1014 1128 1086 patres

110 1117 170 1179 pro
190 1097 409 1175 comparatione
429 1098 573 1177 veniatur,
592 1097 714 1156 instruit
732 1102 768 1156 ut
783 1095 981 1174 Hieronymus
1000 1096 1127 1157 destruit

111 1194 147 1249 ut
166 1186 338 1247 Lactantius
363 1185 491 1245 adstruit
513 1191 546 1244 ut
564 1185 756 1266 Augustinus,
779 1185 923 1248 attollitur
945 1193 979 1245 ut
996 1184 1127 1245 Hilarius
1141 1209 1168 1249 1o

114 1276 312 1337 summittitur
335 1281 368 1334 ut
386 1274 540 1354 lohannes,
564 1281 597 1333 ut
615 1273 741 1334 Basilius
766 1275 889 1353 corripit
911 1282 944 1335 ut
966 1271 1127 1353 Gregorius

111 1363 299 1443 consolatur,
330 1371 365 1422 ut
395 1361 521 1424 Orosius
553 1363 648 1423 allluit
679 1369 713 1423 ut
739 1361 864 1423 Rufinus
893 1365 1063 1443 stringitur,
1094 1370 1128 1424 ut

111 1452 262 1514 Eusebius
291 1459 392 1512 narrat
415 1458 449 1512 ut
470 1452 636 1512 Eucherius
660 1451 811 1532 soHicitat,
839 1459 872 1512 ut
895 1450 1035 1512 Paulinus
1058 1471 1127 1531 pro-

111 1551 199 1604 vocat
226 1549 259 1601 ut
285 1541 459 1601 Ambrosius
488 1547 667 1620 perseverat.
714 1538 742 1603 8.
771 1543 828 1601 iam
857 1559 927 1601 vero
955 1541 991 1602 de
1018 1542 1127 1619 hymno

112 1641 166 1692 tuo
190 1632 216 1691 si
238 1637 415 1709 percontere
439 1630 509 1708 quid
534 1632 672 1710 sentiam,
696 1632 887 1690 commaticus
911 1638 957 1690 est
980 1632 1168 1710 copiosus,1s

112 1720 211 1781 dulcis
238 1718 332 1780 elatus
360 1726 390 1779 et
418 1718 566 1798 quoslibet
593 1717 701 1797 lyricos
725 1717 926 1799 dithyrambos
949 1721 1126 1779 amoenitate

113 1811 232 1890 poetica
255 1815 284 1868 et
306 1807 449 1868 historica
471 1809 594 1868 veritate
618 1810 829 1887 supereminet.
874 1808 963 1886 idque
987 1815 1072 1868 tuum
1095 1809 1127 1867 in

112 1898 165 1959 illo
188 1896 346 1977 peculiare,
370 1896 449 1975 quod
469 1898 594 1957 servatis
612 1904 777 1957 metrorum
795 1896 920 1976 pedibus
940 1895 1050 1976 pedum
1068 1895 1126 1976 syl-

112 1986 189 2048 labis
209 1984 445 2065 syllabarumque
463 1987 578 2046 naturis
598 1988 675 2046 iutra
694 1987 782 2065 spatii
802 1987 849 2046 sui
862 1987 1023 2046 terminum
1037 1984 1125 2046 verba

113 2078 187 2137 ditia
215 2093 318 2135 versus
345 2093 458 2154 pauper
484 2074 611 2135 includit
638 2093 693 2136 nec
716 2077 803 2135 artati
831 2077 971 2135 carminis
996 2074 1126 2135 brevitas
1141 2098 1167 2138 ao

113 2163 329 2244 longitudinem
357 2163 502 2243 phalerati
529 2165 675 2224 sermonis
703 2163 848 2244 eliminat,
880 2166 920 2224 ita
952 2163 1008 2224 tibi
1040 2163 1125 2224 facile

114 2255 193 2315 lactu
212 2259 258 2313 est
276 2254 399 2313 minutis
418 2252 566 2313 trochaeis
579 2252 850 2331 minutioribusque
863 2253 1048 2334 ,pyrrhichiis
1066 2271 1126 2314 non

113 2342 211 2404 solum
229 2341 401 2402 molossicas
420 2343 680 2420 anapaesticasque
700 2345 846 2402 ternarias
865 2342 918 2402 sed
937 2344 1126 2422 epitritorum

114 2435 203 2493 etiam
222 2448 428 2510 paeonumque
448 2437 607 2509 quaternas
626 2433 819 2510 supervenire
838 2433 999 2492 iuncturas.
1027 2428 1055 2492 9.
1076 2450 1125 2492 ex·

114 2523 223 2582 crescit
241 2519 402 2598 amplitudo
421 2519 570 2598 proloquii
589 2522 739 2598 angustias
758 2519 909 2599 regulares
928 2527 958 2581 ot
975 2528 1126 2599 tamquam
1139 2541 1166 2581 aa

113 2628 204 2690 parvo
228 2626 300 2669 auro
324 2608 444 2687 grandis
467 2625 582 2686 gemma
605 2611 654 2668 vix
678 2611 793 2688 capitur
816 2611 981 2689 emicatque
1004 2615 1037 2669 ut
1056 2611 1125 2687 equi

112 2699 245 2779 potentis
268 2699 449 2778 animositas,
472 2699 521 2757 cui
544 2697 692 2778 frementi,
715 2699 740 2757 si
764 2700 843 2758 inter
865 2705 970 2776 tesqua
991 2697 1037 2758 vel
1055 2715 1124 2758 con-

113 2788 195 2867 fraga
224 2787 377 2846 lrenorum
400 2785 464 2865 lege
487 2792 638 2868 teneatur,
668 2785 815 2864 intellegis
838 2795 981 2846 nontam
1005 2804 1125 2846 cursum

114 2877 218 2937 deesse
238 2893 325 2954 quam
344 2893 489 2954 campum.
523 2875 593 2954 quid
612 2872 736 2936 multis?
764 2875 877 2936 arbitro
891 2893 938 2935 me
952 2877 984 2934 in
998 2882 1124 2953 utroque

114 2983 222 3045 genere
255 2964 373 3024 dicendi
405 2981 460 3024 nec
487 2964 617 3024 Athenae
651 2966 693 3024 sic
721 2963 835 3024 Atticae
867 2982 923 3024 neo
950 2963 1050 3024 Musae
1082 2965 1124 3023 sic
1139 2985 1165 3025 ao

114 3056 244 3115 musicae
268 3052 491 3132 iudicabuntur,
520 3053 656 3113 simodo
679 3054 754 3113 mihi
777 3052 822 3112 vel
845 3051 988 3113 censendi
1010 3054 1125 3131 copiam

114 3143 226 3203 desidia
254 3141 370 3220 longior
399 3160 459 3201 non
488 3142 606 3202 ademit.
651 3159 720 3202 nam
748 3141 817 3201 dum
847 3143 981 3221 inpactae
1010 3141 1124 3220 proles-

114 3233 207 3291 sionis
230 3230 353 3291 obtentu
376 3248 485 3290 novum
505 3230 655 3291 scribendi
674 3247 787 3290 morem
806 3230 950 3309 gradatim
969 3237 1075 3311 appeto
1096 3238 1125 3290 et

115 3326 244 3380 veterem
272 3317 422 3380 saltuatim
450 3318 584 3400 dedisco,
614 3319 650 3379 de
678 3317 755 3379 bono
784 3326 899 3380 oratore
928 3318 970 3379 nil
998 3318 1124 3400 amplius

183 3533 199 3580 3
217 3526 299 3580 Plato
318 3527 356 3580 M
359 3525 412 3581 TO
422 3527 431 3595 ΙΙ
449 3531 483 3578 22
503 3527 532 3579 et
549 3523 747 3579 minutioribus
769 3524 821 3594 ΟΙΙ·
835 3531 869 3578 24
888 3527 1040 3594 quaternas
1060 3527 1093 3580 N
1101 3527 1127 3581 V

114 3598 152 3652 M
154 3597 177 3653 0
182 3598 213 3667 Τ,
233 3599 416 3666 quaternatas
435 3597 462 3650 L
475 3599 484 3668 11
498 3602 533 3651 28
552 3611 663 3650 cursum
682 3612 794 3651 cursum
813 3597 862 3666 Ll
