2614 4030
543 201 652 256 unm
669 201 812 256 neruus.
850 179 852 182 ⁴

652 416 707 482 VI.

353 537 519 593 SIDONIUS
537 537 719 594 EUTROPIO
739 537 808 593 SUO
829 537 1008 595 SALUTEM.

245 669 272 732 1.
305 669 382 730 Olim
402 669 522 748 quidem
541 669 672 730 scribere
691 669 746 729 tibi
765 668 1020 752 concupiscebam,
1040 670 1091 730 sed
1109 690 1188 732 nunc

160 751 223 818 'vel
246 761 372 819 maxime
396 757 545 840 impellor,
573 759 604 818 id
632 765 678 818 est
701 777 768 819 cum
795 758 869 818 mihi
892 759 1005 819 ducens
1028 761 1059 818 in
1082 759 1188 820 urbem

127 874 130 878 ¹
177 847 294 908 Christo
313 849 492 926 propitiante
511 849 557 906 via
571 849 711 926 carpitur.
739 846 889 907 scribendi
903 866 991 910 causa
1005 847 1051 907 vel
1066 848 1128 909 sola
1142 849 1188 909 vel

151 939 313 1018 amaxima,
337 955 395 1015 quo
418 943 447 996 te
472 935 585 997 scilicet
608 955 624 996 a
644 935 791 1016 profundo
811 936 989 997 domesticae
1009 939 1119 1016 quietis
1138 957 1187 998 ex-

176 1032 304 1086 tractum
323 1025 358 1085 ad
378 1025 557 1105 capessenda
575 1023 697 1085 militiae
712 1023 859 1085 Palatinae
873 1028 974 1085 munia
989 1043 1099 1086 vocem.
1115 1045 1188 1084 *a*

177 1113 206 1174 2.
239 1114 286 1174 his
310 1113 439 1193 additur,
467 1113 545 1192 quod
568 1131 692 1174 munere
718 1113 767 1174 dei
794 1112 850 1173 tibi
873 1116 1010 1193 congruit
1037 1117 1101 1174 aevi
1125 1133 1189 1175 cor-

176 1205 258 1282 poris
287 1204 377 1262 animi
404 1203 487 1280 vigor
514 1205 642 1282 integer,
671 1202 740 1262 dein
764 1203 842 1281 quod
866 1205 952 1282 equis
975 1206 1079 1284 armis,
1106 1212 1188 1267 veste

178 1298 297 1370 sumptu
320 1291 469 1351 famulicio
493 1293 657 1352 instructus
677 1290 785 1372 solum,
808 1293 867 1352 nisi
888 1292 1032 1378 fallimur,
1056 1295 1188 1373 incipere

139 1397 164 1437 1o
178 1379 319 1440 formidas
348 1386 390 1459 et,
418 1398 486 1439 cum
514 1381 554 1439 sis
579 1378 675 1440 alacer
697 1379 790 1460 domi,
818 1383 850 1440 in
878 1381 1075 1459 aggredienda
1102 1400 1188 1460 pere-

178 1470 342 1547 grinatione
374 1468 524 1546 trepidum
556 1475 585 1528 te
613 1471 694 1528 iners
723 1468 891 1547 desperatio
919 1470 1002 1550 facit3
1036 1472 1062 1529 si
1089 1477 1188 1530 tamen

178 1559 320 1617 senatorii
348 1558 470 1617 seminis
498 1557 600 1637 homo,
628 1559 679 1635 qui
707 1557 815 1618 cotidie
843 1556 985 1618 trabeatis
1010 1577 1188 1636 proavorum

177 1645 354 1724 imaginibus
382 1647 541 1726 ingeritur,
573 1648 650 1706 iuste
679 1646 778 1706 dicere
806 1653 904 1725 potest
932 1653 1026 1706 semet
1054 1650 1187 1726 peregri-

177 1743 292 1814 natum,
321 1737 346 1794 si
373 1733 466 1794 semel
490 1742 520 1795 et
547 1736 578 1794 in
603 1737 721 1795 iuventa
744 1735 852 1795 viderit
875 1734 1057 1796 domicilium
1080 1734 1188 1814 legum,

138 1841 163 1882 15
177 1825 361 1904 gymnasium
380 1823 556 1905 litterarum,
580 1826 692 1884 curiam
712 1824 896 1905 dignitatum,
914 1826 1057 1885 verticem
1076 1825 1189 1906 mundi,

176 1915 303 1992 patriam
329 1911 489 1993 libertatis,
516 1915 548 1972 in
576 1931 633 1991 qua
656 1915 744 1972 unica
771 1915 863 1973 totius
887 1912 968 1973 orbis
992 1915 1108 1974 civitate
1134 1913 1189 1974 soli

177 2001 296 2062 barbari
320 2008 350 2060 et
374 2003 452 2060 servi
474 2003 711 2081 peregrinantur.
744 1999 772 2062 3.
798 2009 827 2062 et
845 2020 933 2083 nunc,
956 2021 1010 2081 pro
1033 2002 1138 2084 pudor,
1163 2005 1189 2062 si

177 2090 346 2169 relinquare
361 2091 440 2150 inter
453 2087 601 2168 busequas
612 2092 779 2150 rusticanos
791 2090 988 2170 subulcosque
999 2089 1188 2152 ronchantes!

178 2181 287 2257 quippe
311 2180 338 2238 si
364 2185 393 2238 et
416 2196 552 2256 campum
576 2181 649 2239 stiva
672 2186 818 2239 tremente
842 2180 1015 2258 proscindas
1039 2187 1089 2241 aut
1111 2182 1189 2258 prati

138 2286 164 2326 no
178 2267 284 2327 floreas
309 2285 380 2346 opes
403 2266 499 2346 panda
523 2286 630 2328 curvus
653 2267 727 2328 falce
751 2268 902 2348 populeris
926 2275 976 2329 aut
993 2271 1109 2328 vineam
1127 2268 1189 2349 pal-

176 2358 249 2416 mite
273 2373 392 2434 gravem
415 2374 544 2417 cernuus
563 2359 668 2416 rastris
692 2358 790 2416 fossor
812 2358 951 2438 invertas,
973 2364 1045 2417 tunc
1068 2355 1124 2416 tibi
1143 2365 1189 2418 est

178 2462 292 2505 summa
314 2451 450 2504 votorum
468 2443 627 2505 beatitudo.
666 2447 738 2524 quin
759 2448 858 2524 potius
878 2448 1084 2524 expergiscere
1104 2447 1188 2506 etad

177 2536 289 2594 maiora
308 2551 339 2593 se
362 2535 467 2612 pingui
491 2535 550 2593 otio
569 2534 718 2595 marcidus
743 2541 773 2594 et
792 2536 908 2595 enervis
928 2537 1043 2596 animus
1067 2534 1188 2595 attollat.

177 2641 237 2682 non
260 2624 359 2682 minus
389 2629 434 2682 est
457 2629 576 2683 tuorum
599 2623 741 2683 natalium
764 2625 828 2683 viro
851 2641 1009 2702 personam
1033 2642 1116 2684 suam
1139 2643 1189 2684 ex-

138 2731 164 2772 25
178 2711 275 2772 colere
300 2729 387 2790 quam
410 2710 516 2771 villam,
553 2709 583 2772 4.
607 2712 643 2772 ad
667 2719 842 2792 extremum,
866 2713 944 2791 quod
963 2719 996 2773 tu
1013 2711 1070 2773 tibi
1088 2715 1189 2772 iuven-

177 2803 249 2862 tutis
273 2802 449 2860 exercitium
472 2799 614 2882 appellas,
642 2800 698 2862 boc
724 2808 769 2861 est
793 2804 886 2861 otium
908 2809 1130 2882 veteranorum,
1158 2807 1189 2861 in

178 2908 304 2969 quorum
327 2889 463 2956 manibus
492 2889 588 2949 elletis
616 2888 890 2969 ensesrobiginosi
913 2909 980 2951 sero
1004 2890 1101 2969 ligone
1124 2909 1189 2950 mu-

251 3065 341 3128 5quo
362 3061 399 3126 T,
422 3078 478 3128 qua
496 3061 592 3116 LMO
615 3061 625 3130 ll
653 3065 668 3114 6
687 3063 824 3116 nonnulla
846 3067 878 3116 ut
899 3079 924 3117 v.
944 3063 1055 3130 abipso
1074 3059 1190 3116 Sidonio

178 3134 277 3187 omissa
295 3149 348 3186 esse
366 3133 437 3187 cidit
454 3133 631 3200 Luetjohoou
645 3135 654 3201 ll
669 3136 684 3184 9
702 3131 732 3185 ni
753 3132 843 3201 01119
863 3133 904 3204 et]
924 3134 975 3186 aut
992 3132 1168 3200 LuctJ'obovm
1181 3133 1190 3203 ll

178 3208 212 3256 22
231 3199 360 3257 votorum
379 3219 487 3256 summa
502 3203 592 3266 01123
613 3201 721 3256 enervis
745 3203 776 3271 V,
799 3203 903 3257 inervis
923 3203 993 3271 LN,
1011 3201 1135 3256 innervis
1155 3204 1187 3272 T,

178 3272 292 3327 inermis
310 3276 342 3328 e'n
359 3291 413 3328 rac.
434 3281 466 3328 ut
483 3292 507 3328 o.
527 3273 624 3328 M1„
647 3275 725 3342 (corr.
746 3291 779 3328 ex
797 3274 927 3341 inermes)
949 3275 981 3342 O,
1000 3272 1124 3327 innervis
1143 3274 1189 3327 vel

178 3346 286 3398 enervis
305 3347 337 3398 in
354 3362 440 3416 marg.
459 3344 508 3398 Μ’
521 3347 530 3414 ΙΙ
545 3351 579 3398 24
597 3347 665 3413 non]
683 3363 751 3398 num
769 3347 832 3401 add.
851 3363 885 3400 m.
904 3363 955 3400 rec.
974 3346 1006 3398 iu
1024 3345 1062 3398 M
1076 3348 1085 3414 11
1104 3349 1137 3398 25
1157 3347 1189 3398 tu

178 3433 227 3471 om.
247 3417 274 3470 L
287 3418 296 3482 ΙΙ
310 3420 344 3468 26
363 3414 417 3469 hoc
436 3417 480 3468 est
498 3432 548 3470 om.
567 3433 606 3485 sp.
622 3421 657 3470 13
677 3417 693 3470 l.
713 3433 770 3472 cac.
788 3417 814 3470 L
831 3419 835 3486 Ι
851 3415 941 3470 otium
959 3415 1002 3484 M,
1021 3415 1067 3469 vel
1084 3414 1189 3470 vicium

177 3505 197 3542 s.
218 3489 235 3543 l.
255 3487 319 3542 add.
340 3485 377 3538 M
383 3487 401 3554 ²,
421 3486 508 3539 etiam
528 3485 556 3554 0,
576 3485 669 3539 ocium
687 3505 707 3542 s.
727 3489 744 3542 l.
765 3490 828 3543 add.
851 3487 973 3558 c1lpro
992 3488 1189 3541 veteranorum

174 3564 237 3629 post
255 3564 324 3629 spat.
339 3561 376 3610 10
394 3558 445 3612 litt.
464 3574 521 3612 occ.
540 3573 671 3610 ranorum
690 3559 739 3628 leq.
758 3560 789 3614 io
807 3560 834 3613 L
847 3564 856 3629 ΙΙ
