2628 4034
516 234 667 301 CARMEN
685 235 731 292 XI.
1066 235 1130 301 307

172 397 190 445 4
209 384 279 444 dum
303 383 391 466 fugit,
415 391 444 444 et
467 385 532 444 lixit
554 384 689 464 trepidus
713 383 905 463 Symplegada
929 384 1024 468 Tityo,

207 476 268 533 exit
291 475 322 533 in
345 473 536 534 Isthmiacum
558 473 680 552 pelagus
704 471 910 534 claudentibus
934 473 988 534 alis

208 580 345 622 saxorum
370 562 406 622 de
430 581 504 641 rupe
528 564 630 644 sinus,
654 579 712 642 quo
737 579 824 640 saepe
848 579 970 622 recessu

207 653 250 711 sic
273 658 423 730 tamquam
446 657 508 711 toto
533 659 616 712 coeat
638 651 675 712 de
699 650 810 712 lumine
834 649 922 732 caeli,

206 746 319 816 artatur
343 739 464 800 collecta
487 740 551 800 dies
575 740 775 820 tremulasque
799 758 853 818 per
876 739 971 800 undas

154 841 186 890 10
206 831 375 908 insequitur
398 835 512 890 secreta
535 829 614 910 vadi,
637 831 849 890 transmittitur
872 828 929 890 alto

205 919 344 998 perfusus
369 917 527 996 splendore
550 918 640 999 latex,
664 920 832 998 mirumque
856 917 965 998 relatu,

205 1007 323 1086 lympha
345 1006 422 1067 bibit
445 1006 538 1067 solem
562 1010 704 1086 tenuique
728 1009 840 1068 inserta
863 1007 974 1067 fluento

206 1097 339 1175 perforat
361 1098 458 1156 arenti
480 1096 562 1156 radio
586 1096 637 1157 lux
661 1099 738 1157 sicca
762 1096 916 1176 liquorem.

249 1185 379 1246 Proiecit
402 1184 499 1246 studio
524 1187 665 1267 spatium;
689 1204 756 1245 nam
780 1185 921 1245 Lemnius
945 1184 1006 1244 illic

155 1286 187 1334 15
208 1292 262 1334 ceu
286 1272 429 1352 templum
453 1274 524 1334 lusit
547 1274 654 1334 Veneri
677 1275 848 1353 fulmenque
872 1273 1045 1352 relinquens

205 1362 254 1422 hic
277 1362 465 1442 ferrugineus
489 1363 611 1424 firmavit
635 1382 722 1442 saepe
744 1364 916 1443 Pyragmon.

205 1451 254 1511 bic
277 1451 352 1531 lapis
376 1458 435 1532 est,
458 1452 494 1512 de
519 1455 650 1532 quinque
669 1452 742 1512 locis
762 1452 835 1512 dans
855 1455 985 1531 quinque
1006 1452 1129 1536 colores,

204 1540 358 1622 Aethiops,
381 1540 522 1622 Frygius,
544 1541 662 1621 Paride,
685 1541 816 1622 Poenus,
839 1541 1054 1622 Lacedaemon,

207 1648 388 1711 purpureus,
411 1631 531 1712 viridis,
553 1630 737 1710 maculosus,
761 1630 892 1690 eburnus
912 1636 941 1690 et
964 1629 1056 1690 albae.

155 1731 189 1779 20
207 1727 308 1796 postes
333 1719 506 1798 chrysolithi
529 1719 625 1780 sulvus
650 1718 820 1797 diffulgurat
843 1718 943 1799 ardor3

205 1807 370 1888 myrrhina,
394 1808 606 1889 sardonycbeS,
630 1809 812 1888 amethystus
835 1806 980 1888 Hiberna,
1002 1809 1094 1886 iaspis

204 1896 311 1977 Indus,
335 1896 535 1978 Chalcidicam,
559 1898 728 1979 Scythicus,
751 1896 895 1977 berylluS‚
919 1896 1037 1957 achates

208 1983 345 2045 attollunt
369 1984 501 2064 duplices
525 1989 641 2066 argenti
664 1987 783 2048 cardine
807 1986 917 2066 valvaS,

204 2092 259 2152 per
282 2092 356 2152 quas
380 2073 488 2135 inclusi
510 2075 607 2136 lucem
630 2079 721 2137 vomit
744 2075 850 2138 umbra
869 2074 1030 2156 smaragdi;

150 2172 184 2222 25
203 2161 304 2223 limina
328 2181 447 2223 crassus
470 2181 547 2242 onyx
570 2172 682 2226 crustat
704 2172 885 2245 propterque
908 2163 1058 2242 hyacinthi

205 2251 323 2311 caerula
346 2252 524 2312 concordem
547 2254 659 2314 faciunt
681 2257 713 2314 in
737 2261 839 2333 stagna
862 2252 1000 2314 colorem.

204 2343 335 2401 exterior
357 2359 417 2400 non
441 2349 557 2420 compta
580 2342 667 2422 silex,
691 2343 743 2403 sed
766 2344 915 2422 prominet
938 2342 995 2402 alte

204 2447 291 2513 asper
315 2429 351 2489 ab
375 2429 495 2490 assiduo
519 2429 704 2509 lympharum
728 2431 851 2491 verbere
874 2449 992 2510 pumex.

205 2519 347 2579 interiore
371 2519 435 2580 loco
461 2519 611 2579 simulavit
632 2519 777 2580 Mulciber
800 2537 872 2580 auro

152 2619 185 2666 30
207 2615 340 2668 extantes
364 2607 421 2668 late
442 2607 584 2687 scopulos
608 2615 696 2687 atque
720 2615 782 2668 arte
806 2609 947 2686 magistra

205 2698 319 2774 ingenti
342 2697 423 2757 cultu
447 2705 570 2757 naturae
593 2697 705 2758 inculta
728 2696 845 2776 fefellit,

204 2785 274 2845 huic
298 2788 382 2864 operi
404 2789 564 2867 insistenS‚-
584 2786 663 2865 quod
686 2786 814 2847 necdum
837 2791 959 2844 noverat
982 2783 1031 2844 illa

205 2892 278 2952 quae
303 2881 371 2953 post
394 2874 560 2936 Lemniacis
585 2875 733 2936 damnavit
756 2875 833 2935 lurta
857 2874 978 2934 catenis.

206 2981 364 3041 squameus
387 2964 445 3024 huc
468 2964 572 3025 Triton
596 2964 722 3043 duplicis
746 2964 873 3024 confinia
896 2961 978 3022 dorsi

151 3062 185 3112 35
204 3070 263 3130 qua
286 3059 395 3113 coeunt
418 3071 507 3132 supra
532 3055 697 3114 sinuamina
720 3051 829 3112 tortilis
853 3049 911 3111 alvi

203 3143 282 3200 inter
305 3160 395 3220 aquas
419 3141 513 3202 calido
537 3144 665 3221 portavit
688 3141 777 3202 corde
800 3141 922 3200 Dionen.

204 3230 255 3290 sed
279 3232 388 3308 premit
411 3230 525 3290 adiecto
549 3230 691 3291 radiantis
714 3230 846 3310 pondere
870 3228 999 3289 conchae

186 3389 217 3436 11
237 3385 394 3452 mirumque
420 3401 467 3454 epo
493 3386 570 3450 (item
592 3385 770 3454 Meetjohmm
794 3385 826 3438 in
850 3383 972 3450 adnot.);
999 3379 1128 3450 miroque

114 3454 189 3510 codd,
204 3454 213 3522 ΙΙ
228 3459 260 3508 18
276 3453 405 3524 aethiops
416 3455 482 3522 ΤΡ,
499 3455 637 3525 aethyops
649 3455 712 3524 01³3
727 3453 884 3523 Aethiopus
896 3453 1006 3508 Celadus
1018 3455 1027 3522 ΙΙ
1042 3457 1075 3506 26
1091 3469 1129 3506 an

114 3524 237 3579 iaciunt?
256 3525 434 3596 Lnety‘obarm
447 3529 456 3596 l
470 3533 504 3580 32
522 3526 597 3580 hunc
616 3528 679 3597 PT,
698 3543 771 3580 nuno
791 3527 817 3580 Τ
835 3530 845 3596 ΙΙ
865 3529 899 3578 36
917 3523 1027 3578 Dionen
1045 3524 1129 3579 Latet·

109 3597 232 3666 yolum
249 3596 369 3652 Dionem
387 3599 489 3669 ceddi]

912 3685 967 3743 ro*
