2628 4034
575 207 727 263 CARMEN
745 209 792 263 IX.

339 359 450 420 natales
474 376 549 437 puer
571 358 689 418 horruit
712 357 860 419 Cadurcos

340 448 407 528 plus
429 447 607 508 Pandionias
630 465 730 506 amans
753 446 896 526 Athenas;

341 539 426 598 cuius
450 539 476 596 si
497 538 612 596 varium
634 535 715 614 legas
737 553 854 616 poema,

339 632 411 687 tunc
433 625 584 686 Phoebum
607 624 653 684 vel
675 623 815 703 Hyantias
838 622 951 702 puellas

270 725 323 776 285
341 721 440 794 potato
464 713 596 775 madidas
619 713 655 772 ab
678 713 880 794 Hippocrene,

340 811 412 864 tunc
434 802 598 881 Amphiona
621 801 773 880 liliumque
795 801 901 882 Maiae,

341 900 413 953 tunc
435 899 531 952 vatem
554 890 758 970 Rhodopeium
781 907 887 950 souare

342 980 447 1042 collato
470 979 668 1040 modulamine
692 977 855 1040 arbitreris.

385 1067 453 1129 Non
474 1074 507 1128 tu
530 1068 578 1129 hic
602 1087 681 1129 nunc
704 1067 812 1147 legeris
837 1075 978 1146 tuumque
1001 1067 1133 1150 balmen,

272 1171 325 1221 290
345 1177 362 1218 o
386 1158 559 1236 dignissime
582 1157 759 1228 Quintianus
783 1156 870 1238 alter,

342 1265 486 1326 spernens
510 1248 562 1325 qui
584 1245 727 1325 Ligurum
751 1245 847 1306 solum
870 1252 901 1306 et
923 1251 1045 1323 penates

342 1342 454 1397 mutato
477 1334 538 1396 lare
562 1333 670 1395 Gallias
694 1337 811 1416 amasti,
925 1359 928 1362 “

342 1427 420 1484 inter
443 1423 578 1505 classica,
602 1425 698 1504 signa,
720 1422 792 1503 pila,
815 1430 927 1483 turmas

342 1512 465 1573 laudans
488 1513 605 1574 Aetium
627 1530 792 1590 vacansque
816 1511 905 1592 libro,

272 1615 323 1663 aas
343 1604 374 1661 in
398 1604 504 1662 castris
527 1601 666 1662 hederate
689 1601 836 1662 laureatis.

343 1690 395 1751 sed
418 1709 473 1751 nec
495 1693 602 1750 tertius
626 1689 675 1750 ille
698 1707 777 1750 ntrnc
799 1689 927 1770 legetur,

342 1779 446 1840 Baetin
470 1781 521 1858 qui
543 1780 671 1857 patrium
695 1778 787 1839 semel
809 1779 981 1857 relinquens

342 1867 472 1928 undosae
495 1870 581 1946 petiit
604 1869 684 1927 sitim
706 1867 875 1948 Ravennae,

194 2025 197 2032 ¹
343 1956 476 2036 plosores
500 1958 548 2016 cui
571 1955 711 2034 fulgidam
735 1955 866 2027 Quirites

274 2058 326 2106 300
346 2052 376 2106 et
398 2064 484 2105 carus
508 2045 702 2124 popularitate
725 2047 865 2124 princeps

343 2134 468 2194 Traiano
493 2139 618 2194 statuam
641 2134 706 2193 loro
729 2133 871 2194 locarunt.

389 2221 447 2282 Sed
470 2240 507 2282 ne
530 2229 563 2281 tu
586 2222 660 2282 milri
683 2240 853 2302 comparare
877 2228 1017 2301 temptes,

345 2328 418 2390 quos
441 2310 533 2371 multo
557 2313 655 2371 minor
678 2313 742 2391 ipse
766 2311 832 2390 plus
856 2312 960 2391 adoro,

343 2398 498 2460 Paulinum
520 2399 746 2480 Ampeliumque
770 2399 1052 2480 Symmachumque,

273 2500 325 2549 305
343 2487 497 2550 Messalam
521 2491 633 2567 ingenii
657 2492 728 2549 satis
751 2489 890 2569 profundi

346 2585 375 2638 et
398 2577 471 2638 noelli
494 2579 581 2637 modo
604 2578 742 2638 Martium
766 2578 942 2658 secundum,

344 2666 463 2726 dicendi
485 2674 548 2727 arte
570 2685 644 2727 nova
667 2685 769 2746 parem
792 2668 915 2727 vetustis

343 2754 464 2816 Petrum
487 2762 606 2816 etcum
629 2755 762 2834 loquitur
785 2757 874 2815 nimis
898 2754 1092 2835 stupendum,

344 2843 390 2904 vel
413 2862 500 2923 quem
524 2843 753 2923 municipalibus
776 2847 872 2923 poetis

276 2945 328 2994 310
347 2935 502 3012 praeponit
524 2932 600 2993 bene
624 2933 742 2994 vilicum
767 2941 896 3014 senatus

345 3029 480 3082 nostrum
503 3028 553 3081 aut
576 3040 650 3100 quos
674 3024 783 3082 retinet
806 3021 902 3082 solum
925 3023 1067 3102 disertos,

345 3109 461 3171 dulcem
484 3110 650 3171 Anthedion
675 3119 704 3171 et
727 3111 800 3171 mihi
823 3113 957 3189 magistri

257 3285 309 3334 284
327 3281 395 3334 tuno
408 3281 575 3350 Mommmm
593 3283 654 3335 tum
669 3282 767 3351 PTF,
786 3299 850 3336 cum
866 3282 974 3352 011285
990 3282 1090 3349 potato
1105 3281 1204 3350 codd,-

185 3353 286 3420 potaba
304 3352 495 3420 Iacetjobcum
513 3354 560 3407 sed
578 3354 612 3421 cf.
632 3369 655 3408 c.
670 3354 790 3420 XXIII,
804 3357 862 3408 207
884 3357 893 3424 ΙΙ
915 3358 967 3407 295
986 3351 1120 3406 hederate
1138 3351 1201 3406 lau·

185 3421 272 3477 realis
293 3422 438 3477 Chatelain
462 3426 536 3490 (item
554 3424 758 3492 Incetjohonu);
781 3423 886 3477 hedera
904 3423 1001 3494 (edera
1018 3423 1058 3489 P)
1077 3425 1121 3476 ber
1139 3422 1201 3476 lau·
1297 3463 1298 3468 η

185 3494 281 3548 reatus
301 3492 425 3563 GPTF,
448 3493 554 3546 hedera
572 3495 616 3547 ber
640 3497 771 3548 aureatus
789 3496 870 3566 culpo
893 3497 902 3564 ΙΙ
925 3499 975 3548 302
994 3495 1090 3550 malim
1111 3511 1164 3548 nee
1191 3493 1204 3567 ll

186 3567 238 3618 310
256 3563 383 3634 vilicum]
403 3565 438 3630 cf.
452 3563 575 3620 Iaoeual.
591 3565 648 3634 IV,
662 3571 698 3620 77
711 3568 720 3634 ΙΙ
1297 3579 1298 3592 l
