2636 4032
288 251 455 306 SIDONIUS
475 251 704 307 CONSTANTIO
724 250 793 306 SUO
815 250 993 306 SALUTEM.
1107 249 1149 314 53

135 403 242 464 reditu.
290 399 318 462 3.
343 407 373 461 et
395 398 466 460 licet
489 403 620 462 sororiae
639 400 813 462 hereditatis
833 401 891 461 duo
911 407 1064 460 consortes
1076 414 1150 461 ‘esse

135 492 309 572 videamini,
340 488 474 568 exemplo
505 496 605 551 tamen
633 489 703 550 tidei
733 497 800 551 tuae
829 496 982 569 superstes
1011 507 1150 568 germana

136 588 283 642 commota
307 586 353 639 est
376 579 412 638 ad
435 578 506 638 boni
529 581 628 658 operis
647 581 850 640 imitationem.
892 581 992 657 itaque
1010 577 1067 639 tibi
1085 597 1150 639 cae-

134 670 206 732 litus
230 672 295 730 iure
319 667 493 729 redhibetur
519 670 564 728 tui
591 668 661 728 facti
684 671 837 748 meritum,
865 667 954 728 alieni
976 668 1150 728 incitamen-

132 767 207 820 tum.
254 776 313 836 quo
336 757 382 837 fit,
414 763 447 816 ut
475 759 626 836 reperiare
655 757 862 838 dignissimus,
894 774 982 835 quem
1011 756 1150 817 divinitas
1178 774 1190 815 5

132 851 277 909 inusitato
308 863 500 907 successuum
530 863 639 924 genere
674 845 826 926 sublimet3
860 864 934 925 qnae
964 852 1065 906 tamen
1094 864 1150 906 nec

135 938 188 997 diu
211 935 327 997 distulit
349 933 518 1013 religiosam
542 934 730 996 devotionem
753 933 958 1014 centuplicatis
977 933 1150 1013 opulentare

133 1025 311 1086 muneribus
336 1042 478 1104 quaeque,
501 1031 534 1084 ut
553 1023 737 1103 confidimus
760 1023 853 1085 nihilo
873 1025 993 1102 segnius
1013 1022 1151 1084 caelestia

134 1114 291 1193 largietur,
325 1131 392 1174 cum
420 1120 540 1173 terrena
568 1115 626 1173 iam
655 1113 783 1174 solverit.
833 1113 986 1174 Nicetiana
1014 1130 1151 1192 namque,

135 1207 162 1264 si
198 1205 314 1282 nescis,
350 1201 500 1262 hereditas
538 1200 680 1262 Cuticiaci
718 1221 881 1281 supernum
917 1204 1047 1281 pretium
1084 1202 1148 1262 luit.
1164 1220 1190 1260 ιο

135 1292 165 1354 4.
191 1291 269 1370 quod
293 1298 394 1371 restat,
417 1292 620 1371 exposcimus,
642 1298 676 1351 ut
699 1293 777 1352 sieut
800 1291 944 1352 ecclesiae
966 1298 1086 1351 nostrae
1109 1292 1151 1350 ita

135 1384 226 1442 etiam
250 1382 377 1440 civitatis
406 1398 498 1458 aeque
522 1379 578 1439 tibi
606 1381 645 1439 sit
668 1399 739 1440 cura
763 1383 942 1461 communiS,
975 1398 1049 1460 quae
1082 1397 1150 1440 eum

135 1470 220 1551 olim,
252 1477 316 1531 tum
348 1467 468 1529 debebit
498 1487 534 1528 ex
565 1467 622 1528 hoc
653 1471 813 1548 praecipue
840 1477 973 1548 tempore
1002 1468 1037 1528 ad
1065 1476 1151 1530 tuum

135 1560 335 1638 patrocinium
367 1557 414 1618 vel
442 1557 479 1618 ob
507 1564 590 1617 tuum
620 1560 831 1636 patrimonium
859 1561 1018 1637 pertinere.
1072 1557 1149 1636 quod

136 1651 222 1709 cuius
251 1649 352 1708 meriti
380 1664 445 1706 esse
476 1647 584 1726 possit,
616 1649 725 1726 quippe
759 1650 785 1707 si
815 1654 913 1708 vestra
943 1646 1048 1708 erebro
1076 1645 1149 1706 illud
1164 1663 1190 1704 as
1241 1706 1245 1716 ,

135 1738 305 1816 praesentia
337 1737 457 1816 invisat,
489 1733 536 1794 rel
559 1734 663 1796 Gothis
691 1736 817 1817 credite,
851 1738 903 1816 qui
936 1753 1150 1814 saepenumero

135 1828 225 1886 etiam
248 1825 461 1904 Septimaniam
489 1842 572 1884 suam
600 1824 755 1885 fastidiunt
781 1825 828 1886 vel
855 1824 1031 1903 refundunt,
1062 1824 1150 1884 modo

135 1915 275 1975 invidiosi
298 1913 387 1975 huius
410 1912 510 1991 anguli
534 1915 623 1974 etiam
642 1913 772 1974 desolata
790 1916 971 1994 proprietate
990 1914 1150 1992 potiantur.

135 2000 164 2066 5.
190 2003 242 2064 sed
266 2003 310 2063 las
334 2009 380 2063 est
402 2000 538 2081 praesule
563 2002 618 2062 deo
641 2002 726 2063 vobis
753 2005 832 2064 inter
860 2021 911 2063 eos
935 2009 965 2063 et
987 2000 1150 2081 rempubli-

135 2111 200 2154 cam
224 2092 331 2153 mediis
355 2093 452 2152 animo
475 2093 621 2170 quietiora
641 2094 808 2173 concipere,
831 2094 909 2173 quia,
933 2093 990 2152 etsi
1008 2090 1052 2150 illi
1070 2098 1150 2151 vete·
1166 2109 1191 2149 eo

135 2199 203 2242 rum
227 2181 331 2242 finium
354 2179 498 2240 limitibus
523 2180 652 2241 effractis
680 2183 762 2242 omni
788 2181 835 2242 vel
862 2185 972 2242 virtute
999 2180 1046 2240 vel
1073 2179 1150 2240 mole

136 2271 336 2350 possessionis
360 2268 496 2331 turbidae
518 2276 611 2330 metas
630 2272 662 2330 in
680 2269 855 2331 Rhodanum
873 2271 1063 2349 Ligerimque
1082 2287 1151 2348 pro-

135 2361 307 2440 terminant,
329 2365 427 2419 vestra
449 2366 549 2418 tamen
571 2361 731 2419 auctoritas
750 2378 805 2439 pro
824 2360 966 2439 dignitate
986 2360 1150 2420 sententiae

136 2450 180 2509 sic
203 2456 318 2527 partem
337 2455 492 2526 utramque
512 2447 722 2529 moderabitur,
745 2457 779 2509 ut
797 2455 827 2510 et
846 2456 947 2510 nostra
966 2447 1061 2508 discat
1079 2447 1150 2526 quid

137 2536 246 2598 debeat
272 2553 395 2618 negare,
427 2555 495 2597 eum
522 2538 647 2618 petitur,
679 2544 709 2598 et
731 2556 855 2617 poscere
880 2539 1002 2599 adversa
1025 2536 1150 2617 desinat,
1164 2552 1189 2595 ns

136 2645 206 2687 cum
229 2633 361 2705 negatur.
407 2624 479 2685 vale.

625 2815 666 2882 Il.

292 2937 460 2993 SIDONIUS
480 2936 708 2994 CONSTANTIO
729 2937 797 2993 SUO
817 2937 994 2993 SALUTEM.

204 3049 232 3113 1.
270 3051 383 3112 Salutat
418 3051 547 3132 populus
579 3051 744 3133 Arvernus,
786 3053 870 3112 cuius
906 3069 996 3130 parva
1032 3053 1150 3130 tuguria

134 3159 261 3220 magnus
285 3141 394 3220 hospes
418 3140 558 3222 implesti,
580 3159 640 3201 non
659 3140 834 3201 ambitiosus
853 3142 995 3201 comitatu
1018 3141 1069 3201 sed
1089 3159 1150 3201 am-

206 3336 222 3384 2
241 3329 349 3402 tamen]
371 3331 400 3384 et
417 3345 474 3383 non
490 3329 563 3400 0113
583 3328 676 3398 operis
695 3345 745 3384 om.
764 3329 788 3385 0
797 3333 837 3399 {16
857 3345 1036 3383 successuum
1049 3329 1115 3384 ΒΝ
1118 3331 1150 3400 Τ,

135 3400 344 3456 successionum
360 3401 398 3455 M
402 3400 430 3470 O,
448 3400 494 3455 vel
514 3418 608 3455 sorum
622 3399 668 3455 vel
685 3417 766 3455 suum
784 3418 804 3456 c.
821 3401 838 3456 l.
854 3401 918 3456 add.
933 3401 981 3454 Μ’
994 3403 1003 3471 ΙΙ
1018 3405 1051 3456 17
1070 3402 1150 3454 tuam

134 3471 170 3542 L,
194 3473 274 3526 tuam
293 3489 362 3528 corr.
381 3474 413 3526 in
437 3489 516 3525 suum
535 3473 583 3525 M¹
598 3475 603 3543 l
618 3473 664 3526 vel
683 3489 732 3527 om.
755 3472 802 3540 ΟΙΙ
822 3478 856 3525 22
875 3469 1049 3541 ligeremque
1068 3476 1149 3538 (corr.

132 3546 168 3598 in
185 3543 353 3613 ligerimque
372 3543 507 3611 MOLM
530 3547 540 3614 ll
567 3549 602 3598 28
622 3543 728 3597 salutat
746 3543 858 3612 LNM,
883 3542 991 3598 salutat
1015 3545 1045 3597 te
1065 3544 1097 3612 T,
1121 3547 1149 3597 te

133 3631 155 3670 s.
175 3616 192 3672 l.
213 3615 277 3670 add.
299 3615 347 3682 O¹;
365 3617 400 3682 cf.
420 3632 460 3684 ep.
480 3615 513 3683 V,
527 3619 573 3684 16,
587 3619 604 3670 5
618 3618 627 3682 l
641 3621 674 3670 29
694 3613 862 3669 ambitiosus
878 3614 1008 3685 LVMO,
1027 3616 1072 3669 vel
1092 3631 1151 3667 am-
