2610 4056
176 197 243 262 200
535 196 643 250 LIBER
662 194 835 252 OCTAVUS.

177 364 313 408 meorum
345 352 479 424 reportat
509 344 666 427 obsequia3
703 363 792 425 quem
825 344 922 406 saltim
954 347 1083 408 iuvimus
1117 357 1208 429 voto,
1240 336 1246 351 '

179 436 248 515 quia
266 452 300 495 re
320 434 444 496 forsitan
463 452 523 495 non
541 433 681 495 valemus
718 453 773 514 per
792 452 880 514 que-m
900 434 1023 496 obse'cro
1046 437 1206 517 impense,

177 532 212 585 ut
239 526 321 584 sitim
347 530 480 584 nostram
508 523 681 602 frequenter
708 522 816 584 litteris
843 522 982 584 litteratis
1010 523 1096 586 ambo
1127 543 1205 605 ger-

178 615 274 694 mani,
296 619 330 674 tu
352 612 552 693 frequentius,
575 613 720 691 inrigetis.
763 611 815 672 sed
843 614 870 672 si
892 611 1051 674 difficultas
1073 615 1205 676 itineris

152 703 310 763 sintersiti
337 700 462 763 resultat
492 703 612 782 optatis,
639 700 686 761 vel
714 700 891 780 aliquotiens
920 718 975 780 pro
1007 701 1204 781 supplicibus

180 790 352 870 supplicate.
394 792 489 851 maius
514 796 560 851 est
578 797 690 871 autem,
714 791 741 851 si
762 788 850 850 nobis
873 789 1005 851 tribuere
1030 790 1204 870 dignemini

178 881 256 940 raris
288 878 554 940 intercessionibus
586 877 711 940 salutem
744 897 831 958 quam
862 881 889 940 si
918 878 1033 940 crebris
1056 879 1203 942 affatibus

179 968 362 1048 dignitatem.
408 985 523 1029 memor
545 970 642 1028 nostri
665 986 731 1028 esse
754 967 886 1048 dignare,
909 967 1028 1028 domine
1051 987 1136 1048 papa.

650 1227 721 1294 XV.

248 1350 416 1407 SIDONIUS
434 1350 579 1407 DOMINO
597 1350 717 1406 PAPAE
736 1348 925 1406 PROSPERO
944 1349 1124 1407 SALUTEM.

142 1483 169 1523 ao
252 1462 279 1526 l.
302 1463 377 1525 Dum
393 1463 528 1525 laudibus
549 1466 672 1525 summis
692 1472 826 1525 sanctum
844 1463 1020 1546 Annianum,
1034 1467 1203 1526 maximum

183 1555 563 1632 consummatissimumque
586 1554 770 1634 pontificem,
797 1552 880 1632 Lupo
908 1572 1010 1632 parem
1033 1553 1202 1615 Germano-

185 1661 242 1722 que
276 1661 336 1706 uon
367 1645 525 1723 imparem,
556 1644 601 1702 vis
641 1641 787 1703 celebrari
817 1641 1008 1721 fideliumque
1040 1642 1201 1705 desideras

182 1730 354 1812 pectoribus
376 1732 460 1810 infigi
486 1732 543 1791 viri
570 1730 638 1791 talis
661 1749 694 1791 ac
717 1733 792 1791 tanti
815 1749 913 1791 mores
935 1732 1042 1792 merita
1059 1733 1203 1815 virtuteS,

183 1823 232 1882 cui
255 1823 343 1881 etiam
367 1819 439 1880 illud
463 1837 523 1881 nou
546 1819 657 1899 absque
681 1821 795 1880 iustitia
818 1819 929 1898 gloriae
948 1820 1043 1900 datur,
1067 1821 1147 1900 quod
1167 1829 1200 1883 te

142 1929 168 1970 15
183 1927 356 1972 successore
389 1909 531 1989 decessit,
560 1926 701 1988 exegeras
733 1908 819 1989 mihi,
851 1915 885 1969 ut
911 1911 1116 1989 promitterem
1139 1910 1201 1972 tibi

182 1998 288 2062 Attilae
311 1997 423 2058 bellum
443 1995 510 2057 stilo
529 2015 577 2057 me
595 1998 723 2077 posteris
742 1998 956 2078 intimaturum,
976 2016 1034 2077 quo
1057 1997 1201 2061 videlicet

183 2087 404 2149 Aurelianensis
418 2084 502 2146 urbis
517 2085 631 2146 obsidio
647 2088 834 2168 oppugnatio,
848 2088 979 2166 inruptio
992 2105 1049 2148 nec
1068 2085 1200 2168 direptio

184 2183 214 2236 et
236 2175 286 2236 illa
309 2173 425 2254 vulgata
448 2173 579 2234 exauditi
597 2174 720 2235 caelitus
745 2175 908 2237 sacerdotis
931 2177 1100 2236 vaticinatio
1124 2195 1198 2238 con-

183 2263 342 2325 tinebatur.
386 2260 417 2325 2.
441 2280 596 2342 coeperam
620 2263 766 2344 scribere,
791 2264 842 2324 sed
866 2266 965 2343 operis
984 2267 1096 2344 arrepti
1114 2266 1198 2327 fasce

144 2374 170 2414 ao
184 2359 341 2433 perspecto
372 2351 486 2412 taeduit
516 2351 685 2434 inchoasse3
716 2360 839 2433 propter
868 2353 925 2413 hoc
954 2352 1044 2413 nullis
1073 2353 1200 2416 auribus

185 2439 311 2521 credidi,
339 2440 417 2519 quod
440 2442 570 2520 primum
595 2460 642 2502 me
670 2458 793 2503 censore
817 2441 1031 2502 damnaveram.
1068 2442 1201 2525 dabitur,

184 2539 218 2592 ut
246 2547 347 2611 spero,
374 2532 508 2609 precatui
539 2537 591 2591 tuo
619 2537 649 2591 et
677 2532 791 2591 meritis
815 2531 956 2591 antistitis
980 2533 1101 2612 summi,
1126 2550 1201 2611 qua-

184 2628 272 2681 tenus
303 2619 462 2699 praec'onio
496 2636 549 2679 suo
580 2619 635 2680 sub
667 2637 852 2698 quacumque
890 2626 920 2679 et
952 2620 1072 2698 quidem
1104 2620 1202 2682 celeri

185 2711 340 2770 occasione
370 2706 554 2769 famulemur.
600 2716 732 2769 ceterum
759 2715 792 2768 tn
820 2707 951 2768 creditor
977 2710 1073 2769 iustus
1096 2708 1201 2770 lauda-

146 2797 287 2859 rabiliter
309 2797 365 2858 boc
389 2797 605 2875 imprudentiae
628 2798 779 2857 temerarii
802 2795 946 2856 debitoris
965 2796 1137 2878 indulseris
1157 2807 1202 2881 ut,

186 2887 265 2966 quod
287 2886 362 2947 mihi
384 2885 541 2946 insolubile
573 2886 702 2966 videtur,
729 2884 785 2945 tibi
814 2903 930 2964 quoque
958 2886 1093 2947 videatur
1116 2889 1201 2948 inre-

186 2975 338 3055 poseibile.
379 2993 493 3035 memor
516 2976 612 3035 nostri
635 2992 701 3035 esse
725 2973 859 3055 dignare,
883 2974 1001 3034 domine
1023 2993 1107 3055 papa.

259 3171 274 3220 6
293 3161 375 3218 nobis
393 3164 452 3218 Μ’
468 3170 494 3220 et
511 3165 543 3219 o'n
560 3180 614 3220 ros.
629 3163 685 3234 Ml,
708 3161 834 3218 bonis-O
849 3169 874 3218 et
890 3169 923 3218 nt
940 3182 963 3219 o.
983 3162 1026 3232 M,
1050 3162 1096 3216 val
1113 3162 1200 3218 nobie

186 3243 219 3291 eet
236 3255 260 3292 o.
279 3252 299 3292 e.
320 3236 336 3290 1.
356 3236 419 3290 add.
434 3236 490 3304 M¹,
508 3252 576 3292 eros.
592 3235 639 3290 Μ’
661 3238 671 3299 n
694 3238 728 3287 10
747 3232 899 3287 annianum
918 3234 987 3302 LN,
1012 3233 1144 3288 anianum
1164 3236 1206 3288 M

189 3308 309 3376 0111122
329 3309 359 3360 et
376 3323 426 3362 one.
443 3306 482 3374 01
499 3309 637 3375 quatenus
655 3306 725 3376 ΕΝ,
744 3303 878 3374 quatinus
897 3306 935 3359 Μ
939 3305 1010 3375 ΟΤΙΙ
