2636 4032
278 196 444 253 SIDONIUS
462 195 686 253 THAUMASTO
705 196 773 253 SUO
793 197 971 255 SALUTEM.
1067 199 1130 263 111

118 350 148 408 si
170 353 254 428 petas
278 349 366 407 etiam
389 346 470 408 nullo
494 346 666 407 adversante
689 345 880 430 beneficium,
906 351 987 428 piget
1009 351 1131 428 promit-

117 445 183 498 tere
206 435 299 517 pudet
321 453 430 514 negare
452 437 584 514 paenitet
604 437 799 515 praestitisse.
845 434 874 499 3.
897 437 930 497 hi
953 444 1031 518 sunt,
1059 455 1131 517 quo-

116 545 186 587 rum
219 526 432 605 comparationi
464 525 590 603 dIgitum
622 523 759 585 tollerent
788 524 946 587 Narcissus
975 526 1132 607 Asiaticus

115 615 214 676 Massa
236 613 401 694 Marcellus,
425 613 517 674 Carus
541 612 731 694 Parthenius,
754 612 874 674 Licinus
899 623 928 675 et
950 613 1053 676 Pallas.
1100 616 1131 676 hi

115 711 200 786 sunt,
229 706 281 784 qui
303 701 436 763 invident
458 703 599 763 tunicatis
623 704 682 762 otia
710 703 857 782 stipendia
883 702 1043 784 paludatis,
1070 706 1130 764 via·
1158 721 1171 762 o

115 796 176 854 tica
199 791 379 854 veraedariis
402 790 617 851 mercatoribus
640 791 801 873 nundinas,
828 792 1004 854 munuscula
1026 792 1130 872 legatis

114 884 248 963 portoria
273 878 560 960 quadruplatoribus,
588 880 708 958 praedia
735 881 965 959 provincialibus
993 880 1129 942 flamonia

114 969 333 1050 municipibuS,
369 970 492 1029 arcariis
528 968 659 1048 pondera
691 987 846 1030 mensuras
878 970 991 1032 allectis
1024 970 1129 1031 salaria

113 1058 283 1140 tabulariis,
311 1057 521 1137 dispositiones
548 1060 725 1119 numerariis
748 1061 944 1138 praetorianis
973 1059 1129 1140 sportulas,

116 1147 287 1209 civitatibus
301 1146 431 1208 indutias
446 1145 598 1225 vectigalia
611 1146 787 1228 publicanis,
801 1151 997 1209 reverentiam
1012 1148 1129 1209 clericis
1144 1167 1170 1209 1o

117 1239 264 1317 originem
278 1234 439 1316 nobilibus,
457 1253 630 1296 consessum
648 1235 799 1314 prioribus
814 1255 1007 1315 congressum
1024 1255 1129 1317 aequa-

115 1325 206 1406 libus,
228 1327 335 1387 cinctis
357 1327 423 1385 iura
447 1324 599 1384 discinctis
618 1323 781 1405 privilegia,
804 1324 919 1386 scholas
938 1326 1130 1387 instituendis

116 1414 272 1476 mercedes
295 1412 520 1474 instituentibus
543 1413 657 1473 litteras
676 1415 829 1474 institutis.
868 1410 898 1475 4.
922 1416 953 1475 hi
977 1424 1055 1496 sunt,
1078 1417 1130 1495 qui

116 1507 201 1566 novis
226 1503 332 1583 opibus
356 1502 445 1584 ebrii,
476 1509 510 1562 ut
537 1509 567 1563 et
593 1503 716 1562 minima
739 1521 913 1584 cognoscas,
945 1522 1000 1585 per
1026 1503 1129 1565 utendi

115 1594 375 1672 intemperantiam
388 1591 518 1671 produnt
531 1593 711 1670 imperitiam
722 1591 909 1673 possidendi,
922 1611 991 1655 nam
1001 1592 1129 1654 libenter
1144 1613 1169 1652 15

116 1681 261 1743 incedunt
284 1683 390 1740 armati
413 1680 449 1740 ad
473 1679 583 1761 epulas,
612 1678 701 1740 albati
724 1680 760 1740 ad
784 1683 949 1762 exsequiae,
974 1681 1070 1760 pelliti
1092 1681 1128 1741 ad

117 1769 268 1850 ecclesias,
286 1768 390 1850 pullati
408 1769 445 1829 ad
463 1771 592 1850 nuptiae,
611 1771 783 1830 castorinati
802 1769 838 1829 ad
852 1769 978 1831 litanias.
1015 1769 1128 1830 nullum

117 1859 177 1920 illis
208 1877 301 1938 genus
330 1858 484 1918 hominum
508 1857 653 1918 'ordinum
682 1865 850 1938 temporum
880 1859 963 1919 cordi
994 1865 1047 1919 est.
1097 1861 1129 1918 in

115 1949 181 2009 foro
205 1947 329 2027 Scythae
354 1949 386 2007 in
414 1945 550 2007 cubiculo
573 1948 691 2026 viperae
715 1949 746 2007 iu
774 1949 907 2008 convivio
936 1946 1069 2028 scurrae,
1097 1949 1127 2007 in

117 2036 321 2098 exactionibus
343 2033 490 2115 Harpyiae
513 2038 545 2096 in
568 2035 824 2096 conlocutionibus
848 2044 961 2098 statuae
984 2039 1016 2097 in
1039 2055 1127 2116 quae·
1143 2058 1175 2097 so·

116 2125 264 2187 stionibus
291 2124 418 2204 bestiae,
450 2127 481 2184 in
513 2124 688 2185 tractatibus
721 2124 835 2186 cocleae
864 2128 895 2185 in
928 2125 1128 2186 contractibus

115 2217 288 2295 trapezitae,
316 2213 353 2274 ad
380 2212 612 2292 intellegendum
640 2216 722 2274 saxei
750 2214 785 2274 ad
813 2214 1004 2277 iudicandum
1028 2213 1128 2296 lignei,

115 2304 152 2365 ad
176 2302 411 2364 suscensendum
434 2301 562 2362 flammei
585 2301 619 2363 ad
639 2303 852 2381 ignoscendum
876 2303 975 2385 ferrei,
999 2304 1035 2364 ad
1056 2307 1127 2364 ami-

116 2394 201 2454 citias
219 2391 305 2471 pardi
324 2391 359 2452 ad
378 2392 498 2452 facetias
516 2393 589 2471 ursi,
612 2391 649 2451 ad
667 2391 827 2452 fallendum
845 2392 949 2472 vulpes
968 2393 1004 2453 ad
1024 2411 1127 2472 super-

29 2558 33 2562 ,
117 2481 259 2542 biendum
278 2483 355 2541 tauri
373 2479 409 2541 ad
429 2480 662 2540 consumendum
681 2482 848 2541 minotauri.
886 2479 915 2544 5.
940 2500 1008 2561 spes
1027 2482 1127 2542 firmas
1142 2505 1168 2545 as

115 2572 148 2630 in
172 2587 273 2631 rerum
300 2569 430 2630 motibus
454 2567 577 2649 habent,
605 2567 694 2629 dubia
721 2576 855 2649 tempora
883 2573 992 2631 certius
1020 2579 1127 2651 amant,

15 2679 17 2684 ’
116 2667 146 2719 11
169 2661 285 2738 ignavia
307 2660 419 2737 pariter
442 2659 684 2737 conscientiaque
706 2659 898 2740 trepidantes,
922 2677 989 2720 cum
1013 2661 1126 2720 sintin

113 2750 272 2826 praetoriis
294 2745 409 2827 leoneS,
441 2749 602 2807 incastris
630 2746 760 2827 lepores,
791 2749 898 2808 timent
924 2747 1056 2827 foedera,
1089 2766 1126 2807 ne

114 2836 324 2916 discutiantur,
356 2834 445 2916 bella,
477 2853 514 2895 ne
541 2843 681 2915 pugnent.
728 2854 855 2915 quorum
883 2838 908 2896 si
935 2854 1023 2896 nares
1047 2836 1125 2896 affla-

114 2928 190 2986 verit
213 2927 330 3005 uspiam
353 2923 518 3003 robiginosi
545 2942 616 2984 aura
643 2927 801 3006 marsupii,
829 2926 984 2986 confestim
1012 2924 1126 2986 videbis
1140 2945 1166 2985 ao

114 3013 176 3074 illic
199 3021 230 3075 et
253 3013 354 3074 oculos
377 3013 448 3091 Argi
476 3020 506 3073 et
533 3031 638 3074 manus
661 3013 776 3074 Briarei
799 3020 828 3074 et
851 3013 1048 3093 Sphingarum
1071 3033 1125 3074 un-

113 3121 187 3182 gues
211 3110 241 3164 et
263 3104 395 3183 periuria
413 3100 621 3162 Laomedontis
645 3110 675 3163 et
692 3100 786 3162 Ulixis
805 3104 935 3180 argutias
958 3111 988 3163 et
1006 3103 1126 3164 Sinonis

112 3191 241 3252 fallacias
275 3199 305 3252 et
337 3191 425 3252 fidem
455 3191 664 3270 Polymestoris
697 3197 727 3251 et
758 3193 898 3271 pietatem
927 3190 1125 3271 Pygmalionis

185 3421 218 3470 15
236 3433 302 3470 nem
320 3434 370 3473 om.
392 3416 415 3472 0
425 3417 434 3486 l
450 3423 482 3471 17
501 3414 622 3470 letanias
642 3416 706 3483 OT,
730 3415 872 3471 laetanias
890 3418 994 3486 1111113
1014 3433 1125 3471 suscen-

110 3487 322 3630 :teildduollbpolll’
342 3488 560 3542 succensendum
579 3489 616 3542 M
621 3487 693 3557 ΟΤΙΙ
707 3494 741 3543 30
759 3489 916 3558 marsuppii
935 3489 1124 3562 1111111111-
