<?xml version="1.0" encoding="UTF-8"?>
<!DOCTYPE html PUBLIC "-//W3C//DTD XHTML 1.0 Transitional//EN"
    "http://www.w3.org/TR/xhtml1/DTD/xhtml1-transitional.dtd">
<html xmlns="http://www.w3.org/1999/xhtml" xml:lang="en" lang="en">
 <head>
  <title>
</title>
<meta http-equiv="Content-Type" content="text/html;charset=utf-8" />
  <meta name='ocr-system' content='tesseract 3.04.00' />
  <meta name='ocr-capabilities' content='ocr_page ocr_carea ocr_par ocr_line ocrx_word'/>
</head>
<body>
  <div class='ocr_page' id='page_1' title='image "./csolliusapollin01apolgoog_0302.png"; bbox 0 0 2610 4056; ppageno 0'>
   <div class='ocr_carea' id='block_1_1' title="bbox 529 241 1139 308">
    <p class='ocr_par' dir='ltr' id='par_1_1' title="bbox 529 241 1139 308">
     <span class='ocr_line' id='line_1_1' title="bbox 529 241 1139 308; baseline 0 -12"><span class='ocrx_word' id='word_1_1' title='bbox 529 243 682 299; x_wconf 82' lang='lat' dir='ltr'><strong>CARMEN</strong></span> <span class='ocrx_word' id='word_1_2' title='bbox 699 243 734 300; x_wconf 89' lang='lat' dir='ltr'><strong>H.</strong></span> <span class='ocrx_word' id='word_1_3' title='bbox 1073 241 1139 308; x_wconf 75' lang='lat'><strong>245</strong></span> 
     </span>
    </p>
   </div>
   <div class='ocr_carea' id='block_1_2' title="bbox 145 391 1138 741">
    <p class='ocr_par' dir='ltr' id='par_1_2' title="bbox 213 391 987 474">
     <span class='ocr_line' id='line_1_2' title="bbox 213 391 987 474; baseline -0.003 -20"><span class='ocrx_word' id='word_1_4' title='bbox 213 395 336 455; x_wconf 87' lang='lat' dir='ltr'><strong>mittunt</strong></span> <span class='ocrx_word' id='word_1_5' title='bbox 357 393 506 472; x_wconf 77' lang='lat' dir='ltr'>Euganeis</span> <span class='ocrx_word' id='word_1_6' title='bbox 529 393 667 454; x_wconf 82' lang='lat' dir='ltr'><strong>Patavina</strong></span> <span class='ocrx_word' id='word_1_7' title='bbox 689 391 838 454; x_wconf 84' lang='lat' dir='ltr'><strong>volumina</strong></span> <span class='ocrx_word' id='word_1_8' title='bbox 862 391 987 474; x_wconf 83' lang='lat' dir='ltr'><strong>chartis3</strong></span> 
     </span>
    </p>

    <p class='ocr_par' dir='ltr' id='par_1_3' title="bbox 145 480 1138 741">
     <span class='ocr_line' id='line_1_3' title="bbox 145 480 1077 564; baseline -0.003 -20"><span class='ocrx_word' id='word_1_9' title='bbox 145 495 195 545; x_wconf 80' lang='lat'><strong>190</strong></span> <span class='ocrx_word' id='word_1_10' title='bbox 215 501 273 563; x_wconf 92' lang='lat' dir='ltr'><strong>qua</strong></span> <span class='ocrx_word' id='word_1_11' title='bbox 296 482 419 562; x_wconf 89' lang='lat' dir='ltr'><strong>Crispus</strong></span> <span class='ocrx_word' id='word_1_12' title='bbox 441 481 586 543; x_wconf 84' lang='lat' dir='ltr'><strong>brevitate</strong></span> <span class='ocrx_word' id='word_1_13' title='bbox 608 480 714 563; x_wconf 87' lang='lat' dir='ltr'><strong>placet,</strong></span> <span class='ocrx_word' id='word_1_14' title='bbox 738 500 796 562; x_wconf 92' lang='lat' dir='ltr'><strong>quo</strong></span> <span class='ocrx_word' id='word_1_15' title='bbox 819 481 951 562; x_wconf 91' lang='lat' dir='ltr'><strong>pondere</strong></span> <span class='ocrx_word' id='word_1_16' title='bbox 975 481 1077 564; x_wconf 91' lang='lat' dir='ltr'><strong>Varro,</strong></span> 
     </span>
     <span class='ocr_line' id='line_1_4' title="bbox 215 569 1002 652; baseline 0.001 -21"><span class='ocrx_word' id='word_1_17' title='bbox 215 590 273 652; x_wconf 92' lang='lat' dir='ltr'><strong>quo</strong></span> <span class='ocrx_word' id='word_1_18' title='bbox 297 573 385 652; x_wconf 90' lang='lat' dir='ltr'><strong>genio</strong></span> <span class='ocrx_word' id='word_1_19' title='bbox 408 571 539 651; x_wconf 74' lang='lat' dir='ltr'><strong>PlautuS,</strong></span> <span class='ocrx_word' id='word_1_20' title='bbox 563 589 621 650; x_wconf 91' lang='lat' dir='ltr'><strong>quo</strong></span> <span class='ocrx_word' id='word_1_21' title='bbox 645 570 767 632; x_wconf 83' lang='lat' dir='ltr'><strong>fulmine</strong></span> <span class='ocrx_word' id='word_1_22' title='bbox 791 569 1002 652; x_wconf 83' lang='lat' dir='ltr'><strong>Quintilianus,</strong></span> 
     </span>
     <span class='ocr_line' id='line_1_5' title="bbox 215 658 1138 741; baseline 0 -20"><span class='ocrx_word' id='word_1_23' title='bbox 215 679 272 741; x_wconf 92' lang='lat' dir='ltr'><strong>qua</strong></span> <span class='ocrx_word' id='word_1_24' title='bbox 295 678 402 741; x_wconf 91' lang='lat' dir='ltr'><strong>pompa</strong></span> <span class='ocrx_word' id='word_1_25' title='bbox 425 660 545 721; x_wconf 77' lang='lat' dir='ltr'><strong>Tacitus</strong></span> <span class='ocrx_word' id='word_1_26' title='bbox 572 677 734 738; x_wconf 84' lang='lat' dir='ltr'><strong>numquam</strong></span> <span class='ocrx_word' id='word_1_27' title='bbox 762 662 826 720; x_wconf 89' lang='lat' dir='ltr'><strong>sine</strong></span> <span class='ocrx_word' id='word_1_28' title='bbox 853 658 939 721; x_wconf 90' lang='lat' dir='ltr'><strong>laude</strong></span> <span class='ocrx_word' id='word_1_29' title='bbox 962 659 1138 738; x_wconf 79' lang='lat' dir='ltr'><strong>loquendus</strong></span> 
     </span>
    </p>
   </div>
   <div class='ocr_carea' id='block_1_3' title="bbox 95 748 1140 3319">
    <p class='ocr_par' dir='ltr' id='par_1_4' title="bbox 214 748 1078 919">
     <span class='ocr_line' id='line_1_6' title="bbox 257 748 1036 830; baseline 0 -20"><span class='ocrx_word' id='word_1_30' title='bbox 257 749 312 811; x_wconf 91' lang='lat' dir='ltr'><strong>His</strong></span> <span class='ocrx_word' id='word_1_31' title='bbox 334 751 413 810; x_wconf 91' lang='lat' dir='ltr'><strong>hunc</strong></span> <span class='ocrx_word' id='word_1_32' title='bbox 436 750 595 810; x_wconf 85' lang='lat' dir='ltr'><strong>formatum</strong></span> <span class='ocrx_word' id='word_1_33' title='bbox 619 748 735 830; x_wconf 89' lang='lat' dir='ltr'><strong>studiis,</strong></span> <span class='ocrx_word' id='word_1_34' title='bbox 758 748 906 810; x_wconf 91' lang='lat' dir='ltr'><strong>natalibus</strong></span> <span class='ocrx_word' id='word_1_35' title='bbox 930 756 1036 830; x_wconf 87' lang='lat' dir='ltr'><strong>ortum,</strong></span> 
     </span>
     <span class='ocr_line' id='line_1_7' title="bbox 214 837 1078 919; baseline -0.001 -20"><span class='ocrx_word' id='word_1_36' title='bbox 214 837 348 900; x_wconf 89' lang='lat' dir='ltr'><strong>moribus</strong></span> <span class='ocrx_word' id='word_1_37' title='bbox 371 837 518 899; x_wconf 91' lang='lat' dir='ltr'><strong>imbutum</strong></span> <span class='ocrx_word' id='word_1_38' title='bbox 541 840 690 919; x_wconf 76' lang='lat' dir='ltr'><strong>princepS,</strong></span> <span class='ocrx_word' id='word_1_39' title='bbox 714 840 763 899; x_wconf 90' lang='lat' dir='ltr'><strong>cui</strong></span> <span class='ocrx_word' id='word_1_40' title='bbox 785 837 915 899; x_wconf 91' lang='lat' dir='ltr'><strong>mundus</strong></span> <span class='ocrx_word' id='word_1_41' title='bbox 938 837 974 898; x_wconf 94' lang='lat' dir='ltr'><strong>ab</strong></span> <span class='ocrx_word' id='word_1_42' title='bbox 997 837 1078 899; x_wconf 87' lang='lat' dir='ltr'><strong>Euro</strong></span> 
     </span>
    </p>

    <p class='ocr_par' dir='ltr' id='par_1_5' title="bbox 145 925 1114 1097">
     <span class='ocr_line' id='line_1_8' title="bbox 145 925 1114 1008; baseline -0.002 -19"><span class='ocrx_word' id='word_1_43' title='bbox 145 940 195 990; x_wconf 84' lang='lat'><strong>195</strong></span> <span class='ocrx_word' id='word_1_44' title='bbox 216 927 252 988; x_wconf 92' lang='lat' dir='ltr'><strong>ad</strong></span> <span class='ocrx_word' id='word_1_45' title='bbox 276 926 441 1008; x_wconf 78' lang='lat' dir='ltr'><strong>Zephyrum</strong></span> <span class='ocrx_word' id='word_1_46' title='bbox 465 934 537 988; x_wconf 87' lang='lat' dir='ltr'><strong>tunc</strong></span> <span class='ocrx_word' id='word_1_47' title='bbox 561 934 678 1006; x_wconf 90' lang='lat' dir='ltr'><strong>sceptra</strong></span> <span class='ocrx_word' id='word_1_48' title='bbox 701 925 796 1008; x_wconf 87' lang='lat' dir='ltr'><strong>dabat,</strong></span> <span class='ocrx_word' id='word_1_49' title='bbox 820 929 869 988; x_wconf 90' lang='lat' dir='ltr'><strong>cui</strong></span> <span class='ocrx_word' id='word_1_50' title='bbox 891 927 1003 988; x_wconf 93' lang='lat' dir='ltr'><strong>nubilis</strong></span> <span class='ocrx_word' id='word_1_51' title='bbox 1027 933 1114 1006; x_wconf 85' lang='lat' dir='ltr'><strong>atque</strong></span> 
     </span>
     <span class='ocr_line' id='line_1_9' title="bbox 215 1014 890 1097; baseline -0.001 -20"><span class='ocrx_word' id='word_1_52' title='bbox 215 1019 302 1077; x_wconf 90' lang='lat' dir='ltr'><strong>unica</strong></span> <span class='ocrx_word' id='word_1_53' title='bbox 325 1033 493 1096; x_wconf 88' lang='lat' dir='ltr'><strong>purpureos</strong></span> <span class='ocrx_word' id='word_1_54' title='bbox 517 1014 643 1076; x_wconf 88' lang='lat' dir='ltr'><strong>debebat</strong></span> <span class='ocrx_word' id='word_1_55' title='bbox 665 1021 734 1076; x_wconf 92' lang='lat' dir='ltr'><strong>nata</strong></span> <span class='ocrx_word' id='word_1_56' title='bbox 756 1024 890 1097; x_wconf 74' lang='lat' dir='ltr'><strong>nepoteS,</strong></span> 
     </span>
    </p>

    <p class='ocr_par' dir='ltr' id='par_1_6' title="bbox 130 1103 948 1364">
     <span class='ocr_line' id='line_1_10' title="bbox 130 1103 921 1186; baseline -0.001 -20"><span class='ocrx_word' id='word_1_57' title='bbox 130 1140 134 1144; x_wconf 96' lang='lat'><em>-</em></span> <span class='ocrx_word' id='word_1_58' title='bbox 215 1105 304 1185; x_wconf 87' lang='lat' dir='ltr'><strong>elegit</strong></span> <span class='ocrx_word' id='word_1_59' title='bbox 327 1123 485 1186; x_wconf 80' lang='lat' dir='ltr'><strong>generum3</strong></span> <span class='ocrx_word' id='word_1_60' title='bbox 509 1104 561 1165; x_wconf 88' lang='lat' dir='ltr'><strong>sed</strong></span> <span class='ocrx_word' id='word_1_61' title='bbox 584 1122 644 1164; x_wconf 91' lang='lat' dir='ltr'><strong>non</strong></span> <span class='ocrx_word' id='word_1_62' title='bbox 666 1111 700 1165; x_wconf 92' lang='lat' dir='ltr'><strong>ut</strong></span> <span class='ocrx_word' id='word_1_63' title='bbox 723 1103 825 1165; x_wconf 83' lang='lat' dir='ltr'><strong>deside</strong></span> <span class='ocrx_word' id='word_1_64' title='bbox 849 1104 921 1165; x_wconf 89' lang='lat' dir='ltr'><strong>luxu</strong></span> 
     </span>
     <span class='ocr_line' id='line_1_11' title="bbox 216 1194 917 1274; baseline 0.001 -21"><span class='ocrx_word' id='word_1_65' title='bbox 216 1194 334 1255; x_wconf 83' lang='lat' dir='ltr'><strong>fortuna</strong></span> <span class='ocrx_word' id='word_1_66' title='bbox 357 1196 454 1255; x_wconf 88' lang='lat' dir='ltr'><strong>soceri</strong></span> <span class='ocrx_word' id='word_1_67' title='bbox 477 1201 635 1254; x_wconf 87' lang='lat' dir='ltr'><strong>contentus</strong></span> <span class='ocrx_word' id='word_1_68' title='bbox 659 1200 689 1254; x_wconf 88' lang='lat' dir='ltr'><strong>et</strong></span> <span class='ocrx_word' id='word_1_69' title='bbox 712 1195 772 1253; x_wconf 87' lang='lat' dir='ltr'><strong>otia</strong></span> <span class='ocrx_word' id='word_1_70' title='bbox 795 1201 917 1274; x_wconf 89' lang='lat' dir='ltr'><strong>captans</strong></span> 
     </span>
     <span class='ocr_line' id='line_1_12' title="bbox 214 1281 948 1364; baseline -0.003 -20"><span class='ocrx_word' id='word_1_71' title='bbox 214 1282 257 1344; x_wconf 90' lang='lat' dir='ltr'><strong>nil</strong></span> <span class='ocrx_word' id='word_1_72' title='bbox 280 1281 338 1344; x_wconf 90' lang='lat' dir='ltr'><strong>sibi</strong></span> <span class='ocrx_word' id='word_1_73' title='bbox 361 1282 497 1364; x_wconf 83' lang='lat' dir='ltr'><strong>deberet3</strong></span> <span class='ocrx_word' id='word_1_74' title='bbox 521 1284 638 1343; x_wconf 90' lang='lat' dir='ltr'><strong>comitis</strong></span> <span class='ocrx_word' id='word_1_75' title='bbox 663 1281 715 1342; x_wconf 91' lang='lat' dir='ltr'><strong>sed</strong></span> <span class='ocrx_word' id='word_1_76' title='bbox 739 1284 804 1343; x_wconf 89' lang='lat' dir='ltr'><strong>iure</strong></span> <span class='ocrx_word' id='word_1_77' title='bbox 827 1289 948 1362; x_wconf 86' lang='lat' dir='ltr'><strong>recepto</strong></span> 
     </span>
    </p>

    <p class='ocr_par' dir='ltr' id='par_1_7' title="bbox 147 1370 1020 1806">
     <span class='ocr_line' id='line_1_13' title="bbox 147 1370 888 1451; baseline -0.001 -19"><span class='ocrx_word' id='word_1_78' title='bbox 147 1385 199 1434; x_wconf 80' lang='lat'><strong>200</strong></span> <span class='ocrx_word' id='word_1_79' title='bbox 217 1371 342 1434; x_wconf 89' lang='lat' dir='ltr'><strong>Danuvii</strong></span> <span class='ocrx_word' id='word_1_80' title='bbox 364 1374 445 1451; x_wconf 86' lang='lat' dir='ltr'><strong>ripas</strong></span> <span class='ocrx_word' id='word_1_81' title='bbox 469 1379 499 1432; x_wconf 87' lang='lat' dir='ltr'><strong>et</strong></span> <span class='ocrx_word' id='word_1_82' title='bbox 521 1377 649 1432; x_wconf 85' lang='lat' dir='ltr'><strong>tractum</strong></span> <span class='ocrx_word' id='word_1_83' title='bbox 671 1370 774 1431; x_wconf 86' lang='lat' dir='ltr'><strong>limitis</strong></span> <span class='ocrx_word' id='word_1_84' title='bbox 798 1371 888 1451; x_wconf 91' lang='lat' dir='ltr'><strong>ampli</strong></span> 
     </span>
     <span class='ocr_line' id='line_1_14' title="bbox 219 1459 944 1542; baseline -0.003 -20"><span class='ocrx_word' id='word_1_85' title='bbox 219 1463 335 1542; x_wconf 90' lang='lat' dir='ltr'><strong>circuit,</strong></span> <span class='ocrx_word' id='word_1_86' title='bbox 356 1460 502 1540; x_wconf 75' lang='lat' dir='ltr'><strong>hortatur,</strong></span> <span class='ocrx_word' id='word_1_87' title='bbox 525 1459 664 1540; x_wconf 88' lang='lat' dir='ltr'><strong>disponit,</strong></span> <span class='ocrx_word' id='word_1_88' title='bbox 688 1459 818 1541; x_wconf 82' lang='lat' dir='ltr'><strong>discutit,</strong></span> <span class='ocrx_word' id='word_1_89' title='bbox 842 1467 944 1521; x_wconf 88' lang='lat' dir='ltr'><strong>armat.</strong></span> 
     </span>
     <span class='ocr_line' id='line_1_15' title="bbox 218 1548 1020 1629; baseline -0.004 -18"><span class='ocrx_word' id='word_1_90' title='bbox 218 1553 261 1612; x_wconf 92' lang='lat' dir='ltr'><strong>sic</strong></span> <span class='ocrx_word' id='word_1_91' title='bbox 285 1549 339 1611; x_wconf 90' lang='lat' dir='ltr'><strong>sub</strong></span> <span class='ocrx_word' id='word_1_92' title='bbox 362 1557 447 1629; x_wconf 89' lang='lat' dir='ltr'><strong>patre</strong></span> <span class='ocrx_word' id='word_1_93' title='bbox 471 1549 541 1609; x_wconf 89' lang='lat' dir='ltr'><strong>Pius</strong></span> <span class='ocrx_word' id='word_1_94' title='bbox 564 1548 735 1610; x_wconf 89' lang='lat' dir='ltr'><strong>moderatus</strong></span> <span class='ocrx_word' id='word_1_95' title='bbox 759 1556 856 1610; x_wconf 87' lang='lat' dir='ltr'><strong>castra</strong></span> <span class='ocrx_word' id='word_1_96' title='bbox 877 1551 1020 1629; x_wconf 89' lang='lat' dir='ltr'><strong>parentis,</strong></span> 
     </span>
     <span class='ocr_line' id='line_1_16' title="bbox 216 1637 931 1719; baseline -0.004 -19"><span class='ocrx_word' id='word_1_97' title='bbox 216 1641 259 1700; x_wconf 85' lang='lat' dir='ltr'><strong>sic</strong></span> <span class='ocrx_word' id='word_1_98' title='bbox 281 1637 398 1700; x_wconf 88' lang='lat' dir='ltr'><strong>Marcus</strong></span> <span class='ocrx_word' id='word_1_99' title='bbox 421 1641 537 1699; x_wconf 87' lang='lat' dir='ltr'><strong>virente</strong></span> <span class='ocrx_word' id='word_1_100' title='bbox 560 1637 622 1718; x_wconf 91' lang='lat' dir='ltr'><strong>Pio,</strong></span> <span class='ocrx_word' id='word_1_101' title='bbox 644 1645 713 1716; x_wconf 88' lang='lat' dir='ltr'><strong>post</strong></span> <span class='ocrx_word' id='word_1_102' title='bbox 735 1639 801 1698; x_wconf 92' lang='lat' dir='ltr'><strong>iura</strong></span> <span class='ocrx_word' id='word_1_103' title='bbox 825 1637 931 1719; x_wconf 92' lang='lat' dir='ltr'><strong>daturi,</strong></span> 
     </span>
     <span class='ocr_line' id='line_1_17' title="bbox 216 1725 917 1806; baseline 0 -18"><span class='ocrx_word' id='word_1_104' title='bbox 216 1726 483 1790; x_wconf 85' lang='lat' dir='ltr'><strong>innumerabilibus</strong></span> <span class='ocrx_word' id='word_1_105' title='bbox 506 1725 675 1806; x_wconf 85' lang='lat' dir='ltr'><strong>legionibus</strong></span> <span class='ocrx_word' id='word_1_106' title='bbox 698 1727 917 1806; x_wconf 88' lang='lat' dir='ltr'><strong>imperitabant.</strong></span> 
     </span>
    </p>

    <p class='ocr_par' dir='ltr' id='par_1_8' title="bbox 146 1815 1140 2233">
     <span class='ocr_line' id='line_1_18' title="bbox 146 1815 1140 1897; baseline -0.003 -19"><span class='ocrx_word' id='word_1_107' title='bbox 146 1827 197 1878; x_wconf 79' lang='grc'><strong>205</strong></span> <span class='ocrx_word' id='word_1_108' title='bbox 217 1817 287 1877; x_wconf 91' lang='lat' dir='ltr'><strong>hinc</strong></span> <span class='ocrx_word' id='word_1_109' title='bbox 311 1816 414 1877; x_wconf 89' lang='lat' dir='ltr'><strong>reduci</strong></span> <span class='ocrx_word' id='word_1_110' title='bbox 438 1816 524 1877; x_wconf 93' lang='lat' dir='ltr'><strong>datur</strong></span> <span class='ocrx_word' id='word_1_111' title='bbox 547 1818 644 1876; x_wconf 90' lang='lat' dir='ltr'><strong>omnis</strong></span> <span class='ocrx_word' id='word_1_112' title='bbox 666 1815 775 1897; x_wconf 88' lang='lat' dir='ltr'><strong>honos,</strong></span> <span class='ocrx_word' id='word_1_113' title='bbox 803 1823 833 1876; x_wconf 92' lang='lat' dir='ltr'><strong>et</strong></span> <span class='ocrx_word' id='word_1_114' title='bbox 855 1818 975 1893; x_wconf 85' lang='lat' dir='ltr'><strong>utrique</strong></span> <span class='ocrx_word' id='word_1_115' title='bbox 998 1817 1140 1894; x_wconf 90' lang='lat' dir='ltr'><strong>magister</strong></span> 
     </span>
     <span class='ocr_line' id='line_1_19' title="bbox 215 1904 980 1985; baseline -0.001 -20"><span class='ocrx_word' id='word_1_116' title='bbox 215 1904 337 1966; x_wconf 92' lang='lat' dir='ltr'><strong>militiae</strong></span> <span class='ocrx_word' id='word_1_117' title='bbox 362 1905 524 1984; x_wconf 89' lang='lat' dir='ltr'><strong>consulque</strong></span> <span class='ocrx_word' id='word_1_118' title='bbox 547 1907 646 1985; x_wconf 90' lang='lat' dir='ltr'><strong>micat,</strong></span> <span class='ocrx_word' id='word_1_119' title='bbox 669 1906 827 1966; x_wconf 90' lang='lat' dir='ltr'><strong>coniuncta</strong></span> <span class='ocrx_word' id='word_1_120' title='bbox 849 1911 980 1984; x_wconf 89' lang='lat' dir='ltr'><strong>potestas</strong></span> 
     </span>
     <span class='ocr_line' id='line_1_20' title="bbox 214 1993 926 2074; baseline 0 -20"><span class='ocrx_word' id='word_1_121' title='bbox 214 1995 343 2074; x_wconf 90' lang='lat' dir='ltr'><strong>patricii,</strong></span> <span class='ocrx_word' id='word_1_122' title='bbox 366 1993 516 2072; x_wconf 88' lang='lat' dir='ltr'><strong>celerique</strong></span> <span class='ocrx_word' id='word_1_123' title='bbox 540 1993 634 2074; x_wconf 90' lang='lat' dir='ltr'><strong>gradu</strong></span> <span class='ocrx_word' id='word_1_124' title='bbox 656 1996 770 2073; x_wconf 89' lang='lat' dir='ltr'><strong>privata</strong></span> <span class='ocrx_word' id='word_1_125' title='bbox 793 1996 926 2055; x_wconf 89' lang='lat' dir='ltr'><strong>cucurrit</strong></span> 
     </span>
     <span class='ocr_line' id='line_1_21' title="bbox 216 2081 1080 2164; baseline -0.002 -20"><span class='ocrx_word' id='word_1_126' title='bbox 216 2082 344 2144; x_wconf 91' lang='lat' dir='ltr'><strong>culmina</strong></span> <span class='ocrx_word' id='word_1_127' title='bbox 366 2083 596 2162; x_wconf 87' lang='lat' dir='ltr'><strong>conscenditque</strong></span> <span class='ocrx_word' id='word_1_128' title='bbox 621 2100 726 2143; x_wconf 94' lang='lat' dir='ltr'><strong>senum</strong></span> <span class='ocrx_word' id='word_1_129' title='bbox 749 2100 825 2162; x_wconf 89' lang='lat' dir='ltr'><strong>puer</strong></span> <span class='ocrx_word' id='word_1_130' title='bbox 848 2085 912 2162; x_wconf 89' lang='lat' dir='ltr'><strong>ipse</strong></span> <span class='ocrx_word' id='word_1_131' title='bbox 936 2081 1080 2164; x_wconf 91' lang='lat' dir='ltr'><strong>curulem,</strong></span> 
     </span>
     <span class='ocr_line' id='line_1_22' title="bbox 216 2171 974 2233; baseline 0 -1"><span class='ocrx_word' id='word_1_132' title='bbox 216 2171 294 2232; x_wconf 90' lang='lat' dir='ltr'><strong>sedit</strong></span> <span class='ocrx_word' id='word_1_133' title='bbox 317 2177 347 2230; x_wconf 89' lang='lat' dir='ltr'><strong>et</strong></span> <span class='ocrx_word' id='word_1_134' title='bbox 371 2173 494 2230; x_wconf 85' lang='lat' dir='ltr'><strong>emerito</strong></span> <span class='ocrx_word' id='word_1_135' title='bbox 517 2173 634 2232; x_wconf 91' lang='lat' dir='ltr'><strong>iuvenis</strong></span> <span class='ocrx_word' id='word_1_136' title='bbox 657 2178 814 2233; x_wconf 84' lang='lat' dir='ltr'><strong>veteranus</strong></span> <span class='ocrx_word' id='word_1_137' title='bbox 838 2174 870 2232; x_wconf 94' lang='lat' dir='ltr'><strong>in</strong></span> <span class='ocrx_word' id='word_1_138' title='bbox 893 2190 974 2232; x_wconf 91' lang='lat' dir='ltr'><strong>auro.</strong></span> 
     </span>
    </p>

    <p class='ocr_par' dir='ltr' id='par_1_9' title="bbox 147 2259 1068 2697">
     <span class='ocr_line' id='line_1_23' title="bbox 147 2259 1050 2340; baseline -0.002 -18"><span class='ocrx_word' id='word_1_139' title='bbox 147 2273 199 2322; x_wconf 84' lang='grc'><strong>210</strong></span> <span class='ocrx_word' id='word_1_140' title='bbox 262 2259 382 2338; x_wconf 91' lang='lat' dir='ltr'><strong>lamque</strong></span> <span class='ocrx_word' id='word_1_141' title='bbox 405 2277 513 2338; x_wconf 91' lang='lat' dir='ltr'><strong>parens</strong></span> <span class='ocrx_word' id='word_1_142' title='bbox 537 2259 633 2319; x_wconf 87' lang='lat' dir='ltr'><strong>divos:</strong></span> <span class='ocrx_word' id='word_1_143' title='bbox 657 2259 709 2320; x_wconf 87' lang='lat' dir='ltr'><strong>sed</strong></span> <span class='ocrx_word' id='word_1_144' title='bbox 733 2260 816 2322; x_wconf 85' lang='lat' dir='ltr'><strong>robis</strong></span> <span class='ocrx_word' id='word_1_145' title='bbox 839 2260 919 2322; x_wconf 90' lang='lat' dir='ltr'><strong>nulla</strong></span> <span class='ocrx_word' id='word_1_146' title='bbox 943 2260 1050 2340; x_wconf 90' lang='lat' dir='ltr'><strong>cupido</strong></span> 
     </span>
     <span class='ocr_line' id='line_1_24' title="bbox 218 2347 961 2430; baseline 0.001 -21"><span class='ocrx_word' id='word_1_147' title='bbox 218 2351 353 2430; x_wconf 82' lang='lat' dir='ltr'><strong>imperii3</strong></span> <span class='ocrx_word' id='word_1_148' title='bbox 376 2347 493 2427; x_wconf 90' lang='lat' dir='ltr'><strong>longam</strong></span> <span class='ocrx_word' id='word_1_149' title='bbox 517 2347 680 2408; x_wconf 88' lang='lat' dir='ltr'><strong>diademata</strong></span> <span class='ocrx_word' id='word_1_150' title='bbox 702 2366 789 2427; x_wconf 89' lang='lat' dir='ltr'><strong>passa</strong></span> <span class='ocrx_word' id='word_1_151' title='bbox 812 2350 961 2430; x_wconf 90' lang='lat' dir='ltr'><strong>repulsam</strong></span> 
     </span>
     <span class='ocr_line' id='line_1_25' title="bbox 217 2436 1028 2518; baseline 0 -19"><span class='ocrx_word' id='word_1_152' title='bbox 217 2440 364 2518; x_wconf 84' lang='lat' dir='ltr'><strong>insignem</strong></span> <span class='ocrx_word' id='word_1_153' title='bbox 387 2436 486 2516; x_wconf 87' lang='lat' dir='ltr'><strong>legere</strong></span> <span class='ocrx_word' id='word_1_154' title='bbox 510 2438 615 2517; x_wconf 84' lang='lat' dir='ltr'><strong>virum,</strong></span> <span class='ocrx_word' id='word_1_155' title='bbox 639 2455 727 2515; x_wconf 92' lang='lat' dir='ltr'><strong>quem</strong></span> <span class='ocrx_word' id='word_1_156' title='bbox 750 2437 857 2499; x_wconf 91' lang='lat' dir='ltr'><strong>deinde</strong></span> <span class='ocrx_word' id='word_1_157' title='bbox 881 2438 1028 2516; x_wconf 89' lang='lat' dir='ltr'><strong>legentem</strong></span> 
     </span>
     <span class='ocr_line' id='line_1_26' title="bbox 216 2523 962 2606; baseline -0.001 -19"><span class='ocrx_word' id='word_1_158' title='bbox 216 2545 357 2606; x_wconf 85' lang='lat' dir='ltr'><strong>spernere</strong></span> <span class='ocrx_word' id='word_1_159' title='bbox 381 2544 441 2586; x_wconf 94' lang='lat' dir='ltr'><strong>non</strong></span> <span class='ocrx_word' id='word_1_160' title='bbox 464 2543 582 2605; x_wconf 89' lang='lat' dir='ltr'><strong>posses:</strong></span> <span class='ocrx_word' id='word_1_161' title='bbox 607 2524 663 2585; x_wconf 92' lang='lat' dir='ltr'><strong>soli</strong></span> <span class='ocrx_word' id='word_1_162' title='bbox 684 2523 739 2584; x_wconf 85' lang='lat' dir='ltr'><strong>tibi</strong></span> <span class='ocrx_word' id='word_1_163' title='bbox 762 2526 887 2604; x_wconf 89' lang='lat' dir='ltr'><strong>contulit</strong></span> <span class='ocrx_word' id='word_1_164' title='bbox 909 2530 962 2588; x_wconf 91' lang='lat' dir='ltr'><strong>uni</strong></span> 
     </span>
     <span class='ocr_line' id='line_1_27' title="bbox 215 2614 1068 2697; baseline -0.001 -21"><span class='ocrx_word' id='word_1_165' title='bbox 215 2615 271 2676; x_wconf 91' lang='lat' dir='ltr'><strong>hoc</strong></span> <span class='ocrx_word' id='word_1_166' title='bbox 294 2614 425 2677; x_wconf 85' lang='lat' dir='ltr'><strong>Fortuna</strong></span> <span class='ocrx_word' id='word_1_167' title='bbox 449 2614 550 2695; x_wconf 91' lang='lat' dir='ltr'><strong>decus,</strong></span> <span class='ocrx_word' id='word_1_168' title='bbox 573 2632 751 2692; x_wconf 92' lang='lat' dir='ltr'><strong>quamquam</strong></span> <span class='ocrx_word' id='word_1_169' title='bbox 773 2621 802 2674; x_wconf 89' lang='lat' dir='ltr'><strong>te</strong></span> <span class='ocrx_word' id='word_1_170' title='bbox 825 2622 963 2694; x_wconf 92' lang='lat' dir='ltr'><strong>posceret</strong></span> <span class='ocrx_word' id='word_1_171' title='bbox 987 2615 1068 2697; x_wconf 91' lang='lat' dir='ltr'><strong>ordo,</strong></span> 
     </span>
    </p>

    <p class='ocr_par' dir='ltr' id='par_1_10' title="bbox 95 2703 1109 3140">
     <span class='ocr_line' id='line_1_28' title="bbox 95 2703 1045 2784; baseline -0.001 -19"><span class='ocrx_word' id='word_1_172' title='bbox 95 2745 98 2750; x_wconf 86' lang='lat'>·</span> <span class='ocrx_word' id='word_1_173' title='bbox 144 2703 366 2766; x_wconf 73' lang='lat' dir='ltr'><strong>enucleatus</strong></span> <span class='ocrx_word' id='word_1_174' title='bbox 389 2707 530 2784; x_wconf 89' lang='lat' dir='ltr'><strong>princeps</strong></span> <span class='ocrx_word' id='word_1_175' title='bbox 552 2720 637 2782; x_wconf 91' lang='lat' dir='ltr'><strong>mage</strong></span> <span class='ocrx_word' id='word_1_176' title='bbox 661 2721 750 2781; x_wconf 89' lang='lat' dir='ltr'><strong>quam</strong></span> <span class='ocrx_word' id='word_1_177' title='bbox 772 2703 889 2763; x_wconf 88' lang='lat' dir='ltr'><strong>videare</strong></span> <span class='ocrx_word' id='word_1_178' title='bbox 914 2703 1045 2764; x_wconf 81' lang='lat' dir='ltr'><strong>relictus</strong></span> 
     </span>
     <span class='ocr_line' id='line_1_29' title="bbox 213 2791 1109 2873; baseline -0.001 -20"><span class='ocrx_word' id='word_1_179' title='bbox 213 2801 282 2873; x_wconf 87' lang='lat' dir='ltr'><strong>post</strong></span> <span class='ocrx_word' id='word_1_180' title='bbox 305 2810 442 2855; x_wconf 90' lang='lat' dir='ltr'><strong>socerum</strong></span> <span class='ocrx_word' id='word_1_181' title='bbox 464 2792 629 2871; x_wconf 82' lang='lat' dir='ltr'><strong>Augustum</strong></span> <span class='ocrx_word' id='word_1_182' title='bbox 652 2809 768 2873; x_wconf 79' lang='lat' dir='ltr'><strong>regnae,</strong></span> <span class='ocrx_word' id='word_1_183' title='bbox 791 2791 843 2853; x_wconf 91' lang='lat' dir='ltr'><strong>sed</strong></span> <span class='ocrx_word' id='word_1_184' title='bbox 866 2809 927 2851; x_wconf 92' lang='lat' dir='ltr'><strong>non</strong></span> <span class='ocrx_word' id='word_1_185' title='bbox 949 2792 1006 2852; x_wconf 86' lang='lat' dir='ltr'><strong>tibi</strong></span> <span class='ocrx_word' id='word_1_186' title='bbox 1027 2794 1109 2852; x_wconf 83' lang='lat' dir='ltr'><strong>venit</strong></span> 
     </span>
     <span class='ocr_line' id='line_1_30' title="bbox 213 2880 1072 2962; baseline -0.003 -19"><span class='ocrx_word' id='word_1_187' title='bbox 213 2900 346 2962; x_wconf 90' lang='lat' dir='ltr'><strong>purpura</strong></span> <span class='ocrx_word' id='word_1_188' title='bbox 368 2900 423 2961; x_wconf 90' lang='lat' dir='ltr'><strong>per</strong></span> <span class='ocrx_word' id='word_1_189' title='bbox 445 2880 589 2942; x_wconf 89' lang='lat' dir='ltr'><strong>thalamos</strong></span> <span class='ocrx_word' id='word_1_190' title='bbox 613 2888 643 2942; x_wconf 90' lang='lat' dir='ltr'><strong>et</strong></span> <span class='ocrx_word' id='word_1_191' title='bbox 666 2883 794 2942; x_wconf 84' lang='lat' dir='ltr'><strong>coniunx</strong></span> <span class='ocrx_word' id='word_1_192' title='bbox 817 2883 899 2959; x_wconf 89' lang='lat' dir='ltr'><strong>regia</strong></span> <span class='ocrx_word' id='word_1_193' title='bbox 921 2899 1014 2960; x_wconf 92' lang='lat' dir='ltr'><strong>regno</strong></span> <span class='ocrx_word' id='word_1_194' title='bbox 1071 2887 1072 2890; x_wconf 76' lang='grc'>’</span> 
     </span>
     <span class='ocr_line' id='line_1_31' title="bbox 216 2969 1056 3051; baseline 0 -21"><span class='ocrx_word' id='word_1_195' title='bbox 216 2971 280 3032; x_wconf 93' lang='lat' dir='ltr'><strong>laus</strong></span> <span class='ocrx_word' id='word_1_196' title='bbox 304 2972 403 3050; x_wconf 89' lang='lat' dir='ltr'><strong>potius</strong></span> <span class='ocrx_word' id='word_1_197' title='bbox 427 2988 516 3049; x_wconf 91' lang='lat' dir='ltr'><strong>quam</strong></span> <span class='ocrx_word' id='word_1_198' title='bbox 539 2988 627 3031; x_wconf 88' lang='lat' dir='ltr'><strong>causa</strong></span> <span class='ocrx_word' id='word_1_199' title='bbox 650 2970 720 3051; x_wconf 80' lang='lat' dir='ltr'><strong>iuit3</strong></span> <span class='ocrx_word' id='word_1_200' title='bbox 742 2987 811 3030; x_wconf 91' lang='lat' dir='ltr'><strong>nam</strong></span> <span class='ocrx_word' id='word_1_201' title='bbox 834 2971 910 3030; x_wconf 93' lang='lat' dir='ltr'><strong>iuris</strong></span> <span class='ocrx_word' id='word_1_202' title='bbox 932 2969 1056 3030; x_wconf 89' lang='lat' dir='ltr'><strong>habenis</strong></span> 
     </span>
     <span class='ocr_line' id='line_1_32' title="bbox 215 3057 1020 3140; baseline 0 -20"><span class='ocrx_word' id='word_1_203' title='bbox 215 3078 276 3120; x_wconf 91' lang='lat' dir='ltr'><strong>non</strong></span> <span class='ocrx_word' id='word_1_204' title='bbox 299 3077 443 3139; x_wconf 82' lang='lat' dir='ltr'><strong>generum</strong></span> <span class='ocrx_word' id='word_1_205' title='bbox 465 3058 538 3138; x_wconf 88' lang='lat' dir='ltr'><strong>legit</strong></span> <span class='ocrx_word' id='word_1_206' title='bbox 559 3057 737 3140; x_wconf 89' lang='lat' dir='ltr'><strong>respublica,</strong></span> <span class='ocrx_word' id='word_1_207' title='bbox 760 3057 812 3119; x_wconf 91' lang='lat' dir='ltr'><strong>sed</strong></span> <span class='ocrx_word' id='word_1_208' title='bbox 836 3076 1020 3137; x_wconf 90' lang='lat' dir='ltr'><strong>generosum.</strong></span> 
     </span>
    </p>

    <p class='ocr_par' dir='ltr' id='par_1_11' title="bbox 143 3147 1080 3319">
     <span class='ocr_line' id='line_1_33' title="bbox 143 3147 1080 3230; baseline -0.003 -20"><span class='ocrx_word' id='word_1_209' title='bbox 143 3161 196 3212; x_wconf 87' lang='grc'><strong>220</strong></span> <span class='ocrx_word' id='word_1_210' title='bbox 215 3148 309 3230; x_wconf 86' lang='lat' dir='ltr'><strong>fallor,</strong></span> <span class='ocrx_word' id='word_1_211' title='bbox 332 3147 379 3209; x_wconf 91' lang='lat' dir='ltr'><strong>bis</strong></span> <span class='ocrx_word' id='word_1_212' title='bbox 403 3150 521 3228; x_wconf 90' lang='lat' dir='ltr'><strong>gemino</strong></span> <span class='ocrx_word' id='word_1_213' title='bbox 544 3150 604 3208; x_wconf 91' lang='lat' dir='ltr'><strong>nisi</strong></span> <span class='ocrx_word' id='word_1_214' title='bbox 626 3147 747 3208; x_wconf 87' lang='lat' dir='ltr'><strong>cardine</strong></span> <span class='ocrx_word' id='word_1_215' title='bbox 770 3165 835 3207; x_wconf 91' lang='lat' dir='ltr'><strong>rem</strong></span> <span class='ocrx_word' id='word_1_216' title='bbox 857 3148 963 3227; x_wconf 88' lang='lat' dir='ltr'><strong>probat</strong></span> <span class='ocrx_word' id='word_1_217' title='bbox 986 3147 1080 3209; x_wconf 90' lang='lat' dir='ltr'><strong>orbis:</strong></span> 
     </span>
     <span class='ocr_line' id='line_1_34' title="bbox 215 3236 996 3319; baseline -0.003 -21"><span class='ocrx_word' id='word_1_218' title='bbox 215 3237 307 3298; x_wconf 90' lang='lat' dir='ltr'><strong>ambit</strong></span> <span class='ocrx_word' id='word_1_219' title='bbox 330 3244 360 3298; x_wconf 91' lang='lat' dir='ltr'><strong>te</strong></span> <span class='ocrx_word' id='word_1_220' title='bbox 384 3236 535 3317; x_wconf 80' lang='lat' dir='ltr'><strong>Zephyrus</strong></span> <span class='ocrx_word' id='word_1_221' title='bbox 559 3244 715 3317; x_wconf 91' lang='lat' dir='ltr'><strong>rectorem,</strong></span> <span class='ocrx_word' id='word_1_222' title='bbox 739 3236 867 3297; x_wconf 85' lang='lat' dir='ltr'><strong>destinat</strong></span> <span class='ocrx_word' id='word_1_223' title='bbox 889 3236 996 3319; x_wconf 85' lang='lat' dir='ltr'><strong>Eurus,</strong></span> 
     </span>
    </p>
   </div>
   <div class='ocr_carea' id='block_1_4' title="bbox 123 3459 1140 3678">
    <p class='ocr_par' dir='ltr' id='par_1_12' title="bbox 123 3459 1140 3678">
     <span class='ocr_line' id='line_1_35' title="bbox 198 3459 1140 3534; baseline -0.002 -18"><span class='ocrx_word' id='word_1_224' title='bbox 198 3466 248 3516; x_wconf 83' lang='lat'><strong>191</strong></span> <span class='ocrx_word' id='word_1_225' title='bbox 267 3461 382 3516; x_wconf 88' lang='lat' dir='ltr'><strong>flumine</strong></span> <span class='ocrx_word' id='word_1_226' title='bbox 407 3462 433 3516; x_wconf 85' lang='grc' dir='ltr'><em>Τ</em></span> <span class='ocrx_word' id='word_1_227' title='bbox 457 3464 467 3532; x_wconf 79' lang='lat' dir='ltr'><strong>d</strong></span> <span class='ocrx_word' id='word_1_228' title='bbox 493 3465 545 3514; x_wconf 79' lang='grc'><strong>205</strong></span> <span class='ocrx_word' id='word_1_229' title='bbox 564 3462 653 3516; x_wconf 86' lang='lat' dir='ltr'><strong>honos</strong></span> <span class='ocrx_word' id='word_1_230' title='bbox 677 3463 717 3517; x_wconf 83' lang='lat' dir='ltr'><strong>ed.</strong></span> <span class='ocrx_word' id='word_1_231' title='bbox 739 3459 819 3534; x_wconf 80' lang='lat' dir='ltr'><strong>Grep.</strong></span> <span class='ocrx_word' id='word_1_232' title='bbox 839 3468 865 3517; x_wconf 81' lang='lat' dir='ltr'><strong>ct</strong></span> <span class='ocrx_word' id='word_1_233' title='bbox 884 3461 1025 3529; x_wconf 74' lang='lat' dir='ltr'><strong>dedomo,</strong></span> <span class='ocrx_word' id='word_1_234' title='bbox 1050 3459 1140 3514; x_wconf 89' lang='lat' dir='ltr'><strong>honor</strong></span> 
     </span>
     <span class='ocr_line' id='line_1_36' title="bbox 124 3529 1140 3606; baseline -0.005 -16"><span class='ocrx_word' id='word_1_235' title='bbox 124 3534 201 3590; x_wconf 81' lang='lat' dir='ltr'><strong>codd.</strong></span> <span class='ocrx_word' id='word_1_236' title='bbox 219 3533 365 3606; x_wconf 71' lang='lat' dir='ltr'><strong>{utrisque</strong></span> <span class='ocrx_word' id='word_1_237' title='bbox 384 3533 432 3602; x_wconf 81' lang='lat' dir='ltr'><strong>Pp</strong></span> <span class='ocrx_word' id='word_1_238' title='bbox 446 3537 499 3587; x_wconf 83' lang='grc'><strong>210</strong></span> <span class='ocrx_word' id='word_1_239' title='bbox 517 3549 556 3587; x_wconf 80' lang='lat' dir='ltr'><strong>aaa</strong></span> <span class='ocrx_word' id='word_1_240' title='bbox 574 3531 669 3587; x_wconf 87' lang='lat' dir='ltr'><strong>sidus?</strong></span> <span class='ocrx_word' id='word_1_241' title='bbox 687 3534 721 3602; x_wconf 82' lang='lat' dir='ltr'><strong>cs.</strong></span> <span class='ocrx_word' id='word_1_242' title='bbox 736 3534 815 3601; x_wconf 79' lang='lat' dir='ltr'><strong>infra</strong></span> <span class='ocrx_word' id='word_1_243' title='bbox 832 3551 856 3590; x_wconf 86' lang='lat' dir='ltr'><strong>o.</strong></span> <span class='ocrx_word' id='word_1_244' title='bbox 872 3537 929 3590; x_wconf 73' lang='lat'><strong>482</strong></span> <span class='ocrx_word' id='word_1_245' title='bbox 950 3531 1027 3586; x_wconf 88' lang='lat' dir='ltr'><strong>sidus</strong></span> <span class='ocrx_word' id='word_1_246' title='bbox 1046 3529 1140 3587; x_wconf 79' lang='lat' dir='ltr'><strong>divale</strong></span> 
     </span>
     <span class='ocr_line' id='line_1_37' title="bbox 123 3603 705 3678; baseline -0.002 -18"><span class='ocrx_word' id='word_1_247' title='bbox 123 3603 249 3675; x_wconf 80' lang='lat' dir='ltr'><strong>parentis</strong></span> <span class='ocrx_word' id='word_1_248' title='bbox 263 3605 273 3674; x_wconf 73' lang='lat' dir='ltr'>fl</span> <span class='ocrx_word' id='word_1_249' title='bbox 288 3609 338 3658; x_wconf 93' lang='grc'><strong>211</strong></span> <span class='ocrx_word' id='word_1_250' title='bbox 357 3603 481 3678; x_wconf 87' lang='lat' dir='ltr'><strong>imperii]</strong></span> <span class='ocrx_word' id='word_1_251' title='bbox 500 3604 638 3675; x_wconf 83' lang='lat' dir='ltr'><strong>regnandi</strong></span> <span class='ocrx_word' id='word_1_252' title='bbox 659 3605 705 3674; x_wconf 80' lang='grc' dir='ltr'><strong>ΤΙΙ</strong></span> 
     </span>
    </p>
   </div>
   <div class='ocr_carea' id='block_1_5' title="bbox 0 0 1311 4056">
    <p class='ocr_par' dir='ltr' id='par_1_13' title="bbox 0 0 1311 4056">
     <span class='ocr_line' id='line_1_38' title="bbox 0 0 1311 4056; baseline 0 0"><span class='ocrx_word' id='word_1_253' title='bbox 0 0 1311 4056; x_wconf 95' lang='lat' dir='ltr'><strong> </strong></span> 
     </span>
    </p>
   </div>
  </div>
 </body>
</html>
