2628 4034
183 201 249 265 342
552 199 704 256 caunum
723 199 820 256 XXIII.
931 269 946 311 f

341 367 458 410 morum
482 349 611 410 culmine
636 350 687 411 sed
711 352 921 428 potentiorem,

274 450 325 501 180
343 455 403 499 non
426 441 537 519 possim
561 441 667 499 merita
690 457 795 499 sonare
820 438 918 520 laude,

342 545 397 588 nec
421 530 446 588 si
471 545 519 588 me
543 526 669 607 Odrysio
693 546 802 588 canens
825 530 856 588 in
880 536 978 607 antro,

340 635 399 696 qna
422 615 479 677 late
502 615 720 695 trepidantibus
743 617 863 678 liuentis

342 713 443 766 cautes
466 723 520 784 per
543 704 686 766 Ciconum
709 706 833 766 resultat
858 705 990 787 Hebrus,

341 796 482 873 princeps
506 795 685 854 instituisset
707 793 757 854 ille
780 801 891 874 vatum,

274 894 324 944 185
343 901 411 944 oum
434 881 536 944 dulces
560 885 686 944 animata
710 901 779 944 sara
802 883 928 944 chordae

342 972 455 1032 ferrent
477 990 531 1051 per
554 971 717 1050 Rhodopen
740 972 876 1033 trahente
900 980 988 1033 cantu

342 1068 372 1121 et
394 1079 479 1121 versa
502 1062 565 1121 vice
589 1060 720 1121 lontibus
743 1060 841 1139 ligatis

343 1156 438 1209 terras
463 1167 584 1209 currere
608 1157 748 1228 cogerent
770 1149 905 1231 anhelas,

341 1256 397 1299 nec
419 1256 480 1298 non
502 1237 638 1298 Hismara
662 1237 774 1298 solibus
797 1245 932 1317 paterent

273 1339 324 1389 190
343 1329 438 1387 aurita
461 1326 566 1406 chelyn
590 1334 747 1405 expetente
771 1327 842 1387 silva

343 1423 373 1475 et
395 1414 469 1476 nulli
492 1414 667 1477 resolubiles
691 1415 782 1476 calori

343 1511 462 1566 curvata
484 1511 607 1565 ruerent
629 1507 712 1564 nives
736 1504 771 1564 ab
796 1504 883 1586 Ossa,

341 1600 468 1654 stantem
491 1601 542 1655 aut
564 1594 720 1672 Strymona
743 1592 879 1654 Bistones
902 1594 1053 1671 viderent,

341 1701 409 1743 cum
432 1700 553 1744 carmen
576 1682 697 1761 rapidus
721 1681 798 1743 latex
822 1685 936 1764 sitiret3

273 1783 322 1833 190
341 1789 396 1832 neo
421 1774 447 1832 si
469 1770 584 1832 Peliaco
608 1771 694 1832 datus
716 1770 875 1832 bimembri

340 1860 376 1920 ad
400 1860 575 1921 Centaurica
597 1859 709 1939 plectra
733 1862 947 1940 constitissem,

341 1950 491 2011 hinnitum
513 1947 640 2028 duplicis
664 1950 773 2009 timens
797 1951 945 2030 magistri3

340 2056 396 2099 nec
419 2039 445 2098 si
468 2056 515 2098 me
541 2037 691 2097 docuisset
713 2037 763 2097 ille
786 2038 856 2119 sari,

341 2129 441 2187 iussus
463 2144 586 2204 pascere
610 2128 661 2204 qui
685 2144 804 2205 gregem
829 2133 875 2188 est
898 2127 1015 2188 clientis

272 2228 324 2277 200
343 2215 501 2294 Amphrysi
524 2214 560 2274 ad
584 2214 706 2275 fluvium
729 2215 803 2275 deus
826 2215 989 2298 bubulcus,

341 2303 419 2382 quod
443 2303 629 2382 ferrugineos
652 2303 793 2383 Cyclopas
817 2323 888 2365 arcu
965 2356 969 2365 .

341 2394 444 2452 stravit
467 2391 522 2454 sub
545 2391 757 2472 Liparensibus
781 2395 905 2454 caminis

340 2480 460 2542 vibrans
483 2481 550 2560 plus
573 2500 661 2561 grave
684 2481 795 2542 fulmen
818 2484 850 2542 in
874 2484 987 2561 sagitta.

384 2569 444 2631 lam
468 2573 564 2650 primo
588 2579 691 2631 tenero
716 2570 860 2631 calentem
884 2570 920 2631 ab
944 2579 1011 2633 ortu

270 2671 321 2721 206
341 2677 484 2739 excepere
509 2662 577 2720 sinu
600 2677 705 2719 novem
729 2678 864 2740 sorores,

343 2755 372 2809 et
395 2755 424 2809 te
448 2749 485 2809 de
509 2751 658 2827 genetrice
682 2751 848 2826 vagientem

340 2839 495 2898 tinxerunt
517 2839 605 2898 vitrei
627 2837 700 2898 vado
723 2837 941 2916 Hippocrenes:

340 2933 425 3008 tunc,
449 2927 503 2986 hac
526 2944 642 2986 mersus
666 2945 754 3007 aqua,
777 2925 909 3005 loquacis
932 2926 1029 2988 undae

340 3032 394 3093 pro
418 3015 510 3076 fluctu
533 3033 616 3094 mage
640 3014 754 3075 litteras
776 3014 887 3075 bibisti.

270 3115 322 3165 210
341 3103 411 3164 binc
433 3110 466 3164 tu
484 3106 543 3164 iam
567 3122 642 3183 puer
665 3106 761 3183 aptior
783 3107 937 3184 magistro,
1291 3149 1292 3168 r

342 3193 482 3272 quicquid
506 3193 670 3253 rhetoricae
694 3194 906 3273 institutionis,
1290 3241 1292 3278 y

253 3351 304 3401 187
323 3345 454 3400 cantibus
473 3346 590 3428 PTFy
610 3349 660 3399 190
679 3344 720 3398 sic
741 3345 828 3401 orb*
845 3347 854 3416 ΙΙ
878 3350 929 3400 196
948 3344 1125 3400 constitisset
1146 3347 1170 3403 0
1194 3353 1196 3365 '

180 3421 235 3471 204
253 3419 381 3471 tenerum
401 3418 457 3473 Leo
470 3421 480 3486 lt
498 3423 550 3473 207
568 3418 714 3471 unxerunt
731 3418 828 3487 oolpo;
846 3419 978 3470 texerunt
995 3418 1074 3473 codd.
1091 3419 1095 3487 Ι
1111 3417 1195 3474 vitrei

182 3487 277 3556 0PF,
296 3487 404 3542 vitreae
424 3488 462 3556 T;
481 3490 516 3556 cf.
531 3505 553 3544 c.
567 3490 624 3555 IX,
638 3491 697 3543 285
722 3489 725 3556 Ι
750 3486 930 3557 hippocrenis
951 3488 1015 3555 ΟΡ,
1033 3487 1193 3557 hipocrenis

183 3557 215 3611 F
224 3561 233 3626 fl
247 3562 299 3612 210
318 3557 384 3612 hinc
403 3559 593 3628 Maetjobaom
612 3560 680 3612 tunc
698 3559 774 3614 codd.
791 3563 795 3626 Ι
812 3557 900 3612 artior
918 3559 1012 3613 PTF
1022 3563 1032 3630 l
