2628 4034
180 179 247 246 344
550 179 704 237 cannen
722 179 820 234 XXllI.

342 331 470 392 intrares
493 329 703 391 venerantibus
727 327 897 408 Sygambris

342 419 414 480 solis
437 419 571 481 moribus
593 422 673 480 inter
695 437 776 478 arma
799 425 895 499 tutus,

339 515 373 570 tn
395 507 539 570 Maeotida
562 508 742 588 Caspiasque
764 515 882 588 portas,
993 575 996 578 ,

339 604 372 658 tu
396 597 483 658 fluxis
506 600 636 676 equitata
659 596 764 657 bactra
786 594 903 656 Parthis

268 697 322 748 tto
341 693 479 747 constans
503 686 729 766 intrepidusque
753 687 796 745 sie
815 685 927 765 adires,

340 781 374 836 ut
396 775 473 836 fastu
496 777 594 854 posito
617 776 759 836 tumentis
782 773 865 834 aulae

340 865 392 943 qui
415 882 504 943 supra
527 871 659 943 satrapas
683 863 767 924 sedet
789 869 934 942 tyrannus

339 959 460 1013 ructans
484 953 648 1014 semideum
670 953 908 1031 propinquitates

339 1040 473 1102 lunatum
495 1040 552 1102 tibi
575 1041 710 1102 flecteret
732 1043 845 1104 tiaram.

267 1141 319 1192 tto
339 1136 385 1211 tu,
409 1131 435 1189 si
458 1129 576 1209 publiea
599 1130 658 1191 fata
680 1147 741 1191 non
763 1137 911 1209 vetarent,

338 1225 372 1280 ut
394 1217 516 1297 Byrsam
539 1226 658 1298 peteres
680 1218 727 1278 vel
749 1218 903 1279 Africanae

337 1299 453 1367 telluris
476 1307 661 1368 Tanaiticum
684 1307 839 1387 rebellem,

338 1395 495 1456 confestim
518 1399 614 1476 posito
638 1398 738 1457 furore
761 1396 863 1456 Martis

338 1491 406 1564 post
428 1487 551 1563 piratica
575 1486 681 1546 damna
705 1486 867 1545 destinaret

267 1585 319 1636 260
337 1572 440 1652 plenas
464 1574 614 1635 mercibus
637 1576 758 1635 institor
781 1576 911 1654 carinaS,

339 1671 369 1723 et
391 1681 445 1742 per
468 1670 497 1723 te
520 1663 597 1724 bene
620 1681 692 1741 pace
716 1664 853 1724 restituta

338 1770 398 1812 non
420 1750 497 1812 ultra
520 1752 594 1812 mihi
616 1751 693 1812 bella
716 1754 896 1831 navigarent.

381 1839 442 1900 lam
466 1842 492 1901 si
515 1843 593 1901 seria
616 1841 691 1901 forte
715 1842 924 1901 terminantem

338 1936 367 1989 te
391 1929 558 2008 spectacula
581 1936 721 2008 ceperant
744 1929 866 2008 theatri,

266 2029 318 2079 tto
338 2016 465 2097 pallebat
487 2019 596 2079 chorus
620 2020 716 2078 omnis
739 2017 933 2100 histrionum,

339 2114 485 2185 tamquam
510 2109 536 2166 si
558 2106 733 2167 Arcitenens
756 2125 920 2186 novemque
943 2107 1045 2168 Musae

336 2201 458 2274 propter
481 2194 594 2273 pulpita
616 2196 730 2256 iudices
754 2196 903 2257 sederent.

337 2301 436 2344 coram
459 2291 489 2344 te
513 2283 694 2345 Caramallus
718 2293 768 2345 aut
789 2283 941 2346 Phabaton

339 2371 448 2432 clausis
471 2372 606 2434 faucibus
630 2380 659 2434 et
683 2372 822 2452 loquente
845 2382 932 2452 gestu

266 2473 319 2522 tto
338 2468 425 2542 nutu,
449 2479 550 2542 crure,
573 2481 664 2542 genu,
687 2480 789 2542 manu,
813 2469 910 2523 rotatu

336 2557 398 2610 toto
422 2551 453 2610 in
477 2551 626 2612 schemate
650 2550 696 2611 vel
720 2550 812 2611 semel
834 2550 950 2631 latebit,

338 2641 399 2700 sive
422 2639 539 2700 Aeetias
563 2647 593 2699 et
616 2657 688 2700 suus
711 2639 797 2700 Iason

336 2728 519 2789 inducuntur
542 2727 585 2788 ibi
607 2729 748 2807 ferusque
771 2728 889 2807 Phasis,

337 2819 389 2896 qui
411 2819 504 2877 iactos
528 2835 618 2896 super
641 2835 709 2877 arva
733 2817 840 2878 Colcha
864 2818 969 2878 dentes

265 2916 316 2968 275
337 2907 466 2985 expavit,
490 2905 648 2966 fruticante
673 2925 740 2967 cum
763 2905 862 2967 duello

336 2996 427 3073 spicis
451 2993 564 3073 spicula
587 2997 678 3055 mixta
702 2995 895 3075 fluctuarent3

336 3085 396 3143 sive
420 3083 544 3162 prandia
568 3086 635 3162 quis
659 3085 751 3144 refert
774 3084 919 3163 Thyestae

337 3189 390 3232 seu
413 3179 541 3252 vestros,
566 3172 726 3233 Philomela
749 3181 847 3254 torva,
871 3172 1021 3254 planctus,

335 3260 519 3340 discerptum
543 3268 593 3322 aut
615 3280 742 3341 puerum
766 3262 924 3341 cibumque
950 3262 1059 3323 factum

264 3361 316 3410 280
336 3351 455 3409 iamiam
478 3352 612 3429 coniugis
636 3353 865 3433 innocentioris;

247 3540 299 3592 256
319 3536 363 3607 ut]
383 3539 412 3591 et
432 3535 538 3607 011271
559 3537 669 3592 latebat
689 3539 746 3610 0⁵l
