2610 4056
172 217 237 282 216
446 166 452 180 ·
547 213 656 270 LIBER
673 215 806 270 NONUS.

174 363 224 428 14.
252 367 383 445 primum
410 363 589 426 ineffabilem
622 364 671 424 dei
701 365 795 443 patris
828 381 962 424 asserere
995 383 1063 426 cum
1091 369 1205 427 sancti

173 457 296 534 spiritus
320 455 707 534 aeternitate-sapientiam
734 460 797 514 tum
825 460 979 532 praeterea
1002 471 1062 514 non
1086 472 1201 516 caesa-

173 547 249 604 riem
271 561 393 623 pascere
417 544 513 621 neque
542 542 630 621 pallio
659 549 709 602 aut
736 541 816 602 clava
843 541 922 602 velut
946 541 1118 621 sophisticis
1146 546 1202 604 in-

174 632 307 711 signibus
326 625 446 710 gloriari
460 639 510 692 aut
525 631 661 692 affectare
681 630 717 690 de
736 632 863 691 vestium
882 627 1062 692 discretione
1082 650 1200 711 super·

145 721 261 802 sbiam,
284 723 381 782 nitore
404 738 555 801 pompam,
584 719 720 799 squalore
744 721 913 780 iactantiam
935 737 1031 798 neque
1059 727 1089 780 te
1113 724 1202 782 satis

172 811 228 871 hoc
252 809 406 890 aemulari,
428 809 513 890 ¹quod
540 827 595 888 per
622 809 772 889 gymnasia
798 811 959 888 pingantur
980 809 1198 888 Areopagitica

173 899 219 959 vel
232 907 379 980 prytanea
397 917 486 960 curva
505 900 619 959 cervice
634 897 819 977 Speusippus
832 897 939 958 Aratus
958 897 1063 979 panda,
1084 897 1194 960 Zenon

119 983 121 992 '
172 988 270 1049 fronte
298 994 448 1048 contracta
474 977 621 1066 Epicurus
652 993 718 1048 cute
746 986 887 1066 distenta,
918 985 1065 1065 Diogenes
1094 986 1194 1048 barba

155 1073 307 1137 'comante
327 1077 464 1136 Socrates
488 1094 571 1136 coma
590 1076 722 1156 cadente,
746 1071 919 1136 Aristoteles
942 1074 1063 1136 brachio
1083 1084 1194 1138 exerto

133 1189 160 1228 10
173 1165 354 1226 Xenocrates
382 1183 469 1225 crure
497 1163 634 1244 collecto,
665 1163 831 1224 Heraclitus
858 1163 930 1226 fletu
959 1163 1052 1225 oculis
1076 1164 1193 1226 clausis

173 1254 360 1315 Democritus
383 1256 446 1314 risu
468 1253 559 1314 labris
583 1255 707 1333 apertiS,
734 1252 917 1332 Chrysippus
940 1253 1040 1332 digitis
1062 1261 1194 1332 propter

173 1361 367 1405 numerorum
389 1342 499 1403 indicia
522 1344 701 1423 constrictis,
723 1341 862 1402 Euclides
885 1349 1008 1422 propter
1031 1360 1191 1403 mensura·
1218 1393 1222 1402 .

174 1451 242 1492 rum
265 1434 360 1511 spatia
383 1431 501 1511 laxatis,
529 1430 686 1492 Cleanthes
713 1437 835 1510 propter
863 1437 1021 1510 utrumque
1046 1435 1192 1494 corrosis,

176 1517 226 1583 15.
256 1523 335 1600 quin'
357 1521 456 1601 potius
487 1521 670 1601 experietur,
695 1522 829 1598 ‘quisque
859 1519 1038 1600 conflixerit,
1069 1520 1193 1582 Stoicos

134 1631 160 1671 15
176 1603 300 1690 Cynicos
327 1608 541 1688 Peripateticos
569 1609 790 1669 haeresiarchas
822 1611 952 1687 propriis
981 1610 1101 1689 armis,
1117 1629 1192 1689 pro-

174 1701 248 1779 priis
286 1717 403 1778 quoque
444 1699 564 1759 concuti
602 1697 855 1758 machinamentis.
914 1715 982 1758 nam
1023 1704 1193 1760 sectatores

174 1807 287 1870 eorum,
306 1787 473 1848 Christiano
493 1788 623 1864 dogmati
642 1805 675 1847 ac
695 1788 796 1846 sen'sui
816 1788 842 1846 si
860 1789 1098 1868 repugnaverint,
1118 1805 1192 1848 mox
1231 1790 1239 1804 '

173 1885 203 1938 te
224 1879 365 1957 magistro
380 1875 462 1954 ligati
481 1874 647 1936 vernaculis
668 1875 864 1954 implicaturis
883 1876 914 1935 in
934 1877 1008 1936 retia
1028 1894 1081 1936 sua
1099 1894 1190 1955 prae-

159 1960 280 2046 'cipites
293 1965 541 2045 implagabuntur,
564 1963 742 2042 syllogismis
760 1970 828 2024 tuae
842 1966 1055 2043 propositionis
1069 1968 1192 2026 uncatis

133 2055 333 2117 revolubilem
351 2053 600 2131 tergiversantum
617 2051 748 2144 linguam
762 2052 990 2133 inhamantibus,
1010 2054 1079 2114 dum
1095 2056 1192 2132 spiris

173 2145 349 2222 categoricis
372 2141 502 2202 lubricas
531 2143 720 2220 quaestiones
743 2149 776 2202 tu
799 2144 897 2220 potins
924 2143 1048 2207 innodas
1072 2145 1191 2203 aerium

173 2250 256 2292 more
280 2231 472 2311 medicorum,
497 2232 548 2309 qui
570 2231 736 2291 remedium
755 2237 857 2291 eontra
875 2249 997 2312 venena,
1023 2249 1089 2291 cum
1109 2234 1191 2292 ratio

175 2320 334 2400 compellit,
357 2319 446 2380 etde
470 2325 608 2398 serpente
632 2320 800 2381 conficiunt.
847 2316 897 2382 16.
923 2320 975 2380 sed
997 2320 1054 2380 hoc
1072 2326 1190 2398 tempo-

174 2409 258 2471 ribus
282 2411 347 2470 istis
367 2407 423 2469 sub
441 2415 510 2468 tuae
528 2416 644 2469 tantum
661 2408 707 2470 vel
723 2409 970 2488 contemplatione
985 2411 1189 2470 conscientiae

134 2519 160 2560 ιι
175 2498 221 2559 vel
239 2500 347 2558 virtute
367 2497 526 2558 doctrinae.
550 2515 631 2580 ,nam
651 2500 717 2577 quis
736 2497 852 2577 aequali
870 2500 993 2576 vestigia
1012 2504 1061 2558 tua
1081 2516 1190 2575 gressu

97 2639 99 2643 .
175 2595 324 2668 sequatur,
348 2589 396 2647 cui
419 2586 520 2647 datum
543 2593 588 2647 est
612 2586 667 2647 soli
689 2586 771 2666 loqui
793 2586 900 2647 melius
924 2604 1013 2666 quam
1036 2585 1192 2668 didiceris,

174 2679 272 2738 vivere
296 2675 403 2737 melius
426 2694 515 2755 quam
537 2671 691 2754 loquaris?
714 2677 853 2754 quocirca
875 2678 982 2736 merito
1001 2682 1031 2734 te
1050 2674 1190 2736 beatissi-

174 2785 256 2827 mum
277 2765 349 2826 boni
372 2783 474 2826 omnes
498 2765 587 2845 idque
611 2783 700 2843 supra
724 2783 834 2824 omnes·
849 2771 900 2825 tua
922 2757 1096 2844 tempestate
1117 2783 1190 2825 con-

66 2869 70 2880 '
175 2854 379 2936 celebrabunt,
408 2856 492 2914 cuius
515 2856 557 2922 ita
584 2853 671 2914 dietis
699 2855 759 2913 vita
786 2853 931 2932 factisque
960 2851 1118 2932 dupliciter
1141 2855 1189 2914 in-

135 2965 162 3006 eo
176 2943 291 3036 claruit,
316 2951 357 3024 ut,
381 2942 620 3022 quandoquidem
637 2950 705 3003 tuos
725 2959 829 3002 annos·
841 2945 900 3002 iam
923 2942 1026 3002 dextra
1049 2959 1189 3002 numera-

247 3155 282 3205 30
300 3149 335 3206 cf.
350 3150 473 3206 Iuvenal.
490 3152 542 3204 sat.
557 3150 590 3220 X,
605 3155 706 3218 248sq.

249 3228 263 3275 7
282 3223 422 3290 prytanea
441 3226 521 3291 (corr.
538 3239 572 3276 eac
589 3224 728 3290 prytanefi
743 3221 780 3274 M
781 3222 801 3288 ¹)
809 3221 845 3275 M
848 3221 882 3289 P,
900 3219 1061 3289 pritaneum
1077 3219 1105 3288 0,
1123 3237 1191 3289 pry-

175 3295 291 3347 taneum
310 3292 341 3346 F
364 3296 368 3360 Ι
393 3292 540 3362 zeutippus
565 3309 651 3346 curva
675 3291 782 3346 cervice
803 3291 851 3362 Ol
878 3290 1050 3361 Speusippus
1073 3290 1191 3360 Scauro,

176 3363 325 3432 zeusippus
344 3364 388 3431 M,
406 3364 552 3433 zeuiippus
573 3364 636 3433 oF,
659 3363 787 3432 neuiipus
806 3363 835 3417 P
853 3364 863 3431 ΙΙ
886 3368 902 3416 9
922 3363 1040 3416 cadente
1059 3362 1188 3418 Lauren-

176 3437 245 3490 tiue.
261 3434 355 3502 XLV,
368 3438 406 3489 26
425 3436 540 3504 aliique,
558 3436 695 3489 candente
714 3435 751 3488 M
754 3433 860 3500 OPFv
881 3434 988 3504 exerto]
1009 3434 1122 3487 extento
1143 3434 1167 3489 O
1176 3438 1186 3504 ΙΙ

161 3509 211 3560 ·25
230 3522 328 3575 gressu
345 3505 510 3572 insequatur
528 3509 571 3576 (ιιι
589 3507 621 3560 in
638 3507 692 3574 due
709 3521 786 3573 vers,
805 3503 835 3558 in
853 3505 884 3558 iu
901 3521 956 3560 ros.
976 3505 1040 3574 aaa.
1055 3504 1191 3574 Mum?

177 3578 235 3646 lito
254 3591 341 3628 annos
360 3575 450 3631 om.·0
460 3579 469 3645 ΙΙ
