2610 4056
514 219 666 275 OARMEN
684 219 731 274 111.
1067 219 1134 284 255

138 381 189 430 525
209 376 239 430 te
262 368 370 447 legisse
394 387 495 449 crepa,
518 387 680 447 numquam
702 386 763 430 non
786 368 884 429 invida
908 370 1032 430 summis

210 460 404 536 emeritisque
427 460 509 519 viris,
555 457 667 518 Brenni
690 464 793 518 contra
816 475 898 517 arma
921 456 1076 518 Camillum

206 546 309 626 profer
332 546 368 607 ab
392 547 480 607 exilio
505 546 739 625 Cincinnatoque
763 564 884 607 secures

211 635 333 715 expulso
357 635 489 697 Caesone
512 636 592 696 refer
615 635 795 713 flentemque
818 643 972 714 parentem

208 742 225 784 a
248 727 354 784 rastris
378 725 413 784 ad
437 732 534 786 rostra
557 743 641 806 roga,
664 726 834 802 miseroque
857 723 986 785 tumultu

136 824 189 876 530
207 812 284 892 pelle
307 815 405 895 prius,
428 832 503 893 quos
526 815 603 874 victa
626 820 723 895 petas,
746 815 773 873 si
795 815 911 892 ruperit
932 811 1021 892 Alpes

207 901 339 982 PoenuS,
362 901 398 962 ad
422 902 547 964 afflictos
570 902 840 981 condemnatosque
864 919 999 982 recurre,

209 990 364 1070 improbus
387 998 421 1052 ut
444 991 549 1052 rubeat
570 990 695 1052 barcina
719 991 801 1051 clade
824 989 989 1070 Metaurus,

205 1079 347 1140 multatus
370 1079 425 1140 tibi
448 1079 552 1141 consul
575 1087 654 1162 agat,
678 1081 729 1159 qui
751 1079 833 1140 milia
855 1079 983 1141 fundens

203 1167 412 1251 Hasdrubalis,
435 1169 558 1230 rutilum
582 1168 639 1230 sibi
663 1187 730 1230 cum
754 1167 942 1229 fabricaverit
965 1185 1081 1250 ensem,

135 1270 186 1319 555
206 1264 378 1318 concretum
402 1265 486 1337 gerat
508 1261 572 1338 ipse
596 1266 693 1337 caput.
738 1258 825 1337 longe
849 1257 940 1318 altera
962 1260 1058 1318 nostri

207 1349 300 1425 gratia
323 1347 428 1408 iudicii
452 1354 509 1408 est:
534 1349 591 1408 scit
615 1365 646 1407 se
665 1365 726 1408 non
743 1345 846 1407 ,laesus
870 1347 970 1406 amari.

251 1435 308 1496 Sed
332 1454 398 1496 mea
420 1439 480 1496 iam
502 1438 588 1496 nimii
609 1435 779 1515 propellunt
802 1434 923 1495 carbasa
945 1434 1046 1515 flatus3

206 1527 291 1605 siste,
315 1524 456 1606 Camena,
479 1524 583 1585 modos
606 1532 725 1606 tenues,
748 1531 926 1603 portumque
950 1525 1063 1602 petenti

205 1616 264 1674 iam
286 1612 402 1692 placido
427 1614 528 1675 sedeat
551 1613 625 1674 mibi
648 1615 788 1674 carminis
811 1631 919 1674 ancora
942 1612 1040 1672 fundo.

134 1713 186 1764 545
206 1709 235 1763 at
257 1708 366 1784 tamen,
390 1721 406 1762 o
430 1706 579 1784 princeps,
604 1721 678 1782 quae
697 1720 776 1763 nunc
799 1701 856 1763 tibi
879 1700 982 1762 classis
1001 1707 1031 1761 et
1049 1719 1131 1762 arma

204 1797 382 1873 tractentur,
410 1811 497 1871 quam
521 1810 627 1871 magna
650 1809 735 1870 geras
760 1809 848 1871 quam
871 1797 1005 1868 tempore
1029 1807 1131 1872 parvo,

205 1881 231 1939 si
254 1897 319 1939 mea
342 1887 408 1941 vota
431 1882 505 1942 deus
528 1881 718 1962 produxerit,
742 1879 845 1941 ordine
868 1886 950 1944 recto

205 1969 255 2028 aut
278 1985 387 2047 genero
410 1969 457 2030 bis
480 1988 549 2030 mox
573 1977 622 2030 aut
645 1977 674 2030 te
697 1976 744 2030 ter
768 1968 889 2030 consule
913 1968 1017 2028 dicam.

204 2075 273 2116 nam
296 2057 384 2117 modo
407 2075 462 2118 nos
482 2061 544 2119 ,iam
564 2059 638 2120 festa
659 2066 777 2139 vocant,
796 2066 826 2119 et
845 2057 881 2118 ad
899 2056 985 2136 Ulpia
1003 2064 1133 2136 poscunt

133 2157 184 2207 545
204 2152 234 2206 te
257 2145 334 2227 fora,
356 2146 480 2207 donabis
504 2165 578 2226 quos
597 2146 748 2228 libertate,
771 2147 916 2228 Quirites,

204 2252 332 2313 quorum
355 2235 518 2312 gaudentes
542 2243 698 2314 exceptant
720 2235 844 2296 verbera
867 2235 969 2296 malae.

203 2341 309 2404 perge,
331 2329 416 2402 pater
438 2326 566 2404 patriae,
590 2324 660 2384 felix
684 2331 771 2404 atque
796 2327 894 2385 omine
918 2325 1013 2385 fausto

205 2414 336 2492 captivos
359 2415 494 2473 vincture
518 2429 610 2472 novos
634 2412 751 2473 absolve
774 2419 915 2474 vetustos.

593 2655 650 2722 III.
814 2711 817 2719 ,

491 2778 541 2832 AD
560 2777 754 2832 LIBELLUM.

181 2889 259 2962 Quid
283 2891 393 2952 faceret
415 2891 506 2952 laetas
531 2898 661 2973 segeteS,
684 2890 763 2969 quod
785 2898 903 2969 tempus
927 2889 1084 2951 amandum

246 2979 395 3040 messibus
419 2987 448 3040 et
471 2979 624 3062 gregibuS,
647 2979 757 3040 vitibus
781 2986 869 3057 atque
892 2978 1011 3061 apibuS,

182 3068 219 3129 ad
242 3068 419 3130 Maecenatis
443 3069 592 3148 quondam
618 3077 686 3130 sunt
710 3069 787 3130 edita
811 3086 932 3149 nomen3

248 3158 332 3239 hinc,
355 3156 452 3240 Maro,
474 3164 543 3237 post
566 3158 656 3218 audes
681 3176 761 3219 arma
784 3159 939 3236 virumque
963 3155 1052 3235 loqui.

145 3258 161 3307 5
180 3255 210 3307 at
232 3247 307 3307 mibi
328 3247 434 3307 Petrus
458 3249 516 3308 erit
538 3246 692 3308 Maecenas
715 3248 858 3325 temporis
881 3247 986 3326 buius3

183 3435 210 3488 Π
224 3441 275 3490 537
287 3436 337 3490 sed
345 3437 530 3506 Luetjobotm,
549 3438 579 3492 et
587 3436 664 3492 codd.
679 3434 741 3507 ΙΙΠΙ
757 3441 770 3489 1
790 3435 923 3489 mendum
934 3435 987 3506 Pr,
1006 3434 1129 3488 amando

112 3506 176 3571 Me
201 3525 240 3562 55
263 3505 401 3562 amicum?
423 3508 458 3576 cf.
478 3507 546 3564 §bat
565 3509 625 3564 silo.
645 3507 676 3577 V,
689 3510 718 3577 2,
732 3511 810 3578 38sg.
829 3506 905 3576 quod
928 3509 1040 3576 tempus
1060 3504 1129 3560 ami·

113 3594 176 3632 cum
194 3577 341 3633 fraudibus
355 3582 394 3648 15
414 3579 456 3652 ab]
475 3579 528 3635 hoc
548 3580 585 3635 M
595 3582 604 3649 ΙΙ
