2628 4034
172 194 237 258 292
564 191 716 246 denunti
734 193 793 248 Vll.

261 342 370 403 excidii
392 344 501 403 veteris
524 343 638 402 crimen
660 359 788 420 purgare
810 340 919 402 valebit

261 430 334 493 ultio
357 432 533 512 praesentiS,
556 433 647 511 situ,
670 429 728 490 dur
752 429 863 511 inclite,
887 429 982 491 solum
1075 445 1079 456 ‘

260 521 385 600 Augusti
408 519 515 580 subeas
538 537 654 580 nomen.
701 519 772 597 qnid
795 519 906 580 lumina
929 517 1047 581 flectis?

191 611 385 672 5131111131]
408 608 476 688 plus
498 626 565 668 esse
589 608 681 668 decet.
727 625 787 669 non
810 610 943 687 cogimus
966 610 1056 690 istud,

262 698 314 759 sed
338 705 550 759 contestamur:
572 695 682 757 Romae
706 715 772 756 sum
794 703 824 757 te
849 697 923 758 duce
947 700 1070 779 amiens,

260 789 395 866 principe
417 793 447 846 te
470 785 565 846 milen.
611 804 737 865 regnum
759 805 820 846 non
843 789 988 865 praeripis
1012 787 1075 869 ulli,

259 875 315 936 nee
339 878 496 955 quisquam
518 874 616 935 Latias
639 875 789 954 Augustus
812 876 945 954 possidet
968 894 1069 957 arces3

261 984 318 1044 qua
340 971 432 1045 13331,
455 963 519 1024 aula
542 971 593 1024 tua
616 970 669 1024 est
714 970 817 1044 testor,
840 982 900 1025 non
924 964 1034 1025 suflicit
1057 966 1153 1048 istud,

191 1067 241 1116 515
261 1072 299 1115 ne
322 1071 458 1134 noceam3
482 1060 569 1131 atque
592 1059 643 1113 tuo
666 1052 723 1114 hoc
745 1055 859 1113 utinam
882 1053 1046 1114 diademate
1071 1055 1132 1136 fiat,

263 1150 297 1204 ut
318 1140 444 1222 prosim!
469 1140 593 1201 suadere
616 1159 717 1202 meum
740 1148 798 1223 est;
821 1160 889 1202 nam
913 1140 1005 1202 Gallia
1029 1145 1055 1202 si
1078 1149 1109 1204 te

264 1231 449 1310 compulerit,
473 1249 547 1310 quae
570 1232 636 1291 iure
659 1237 767 1311 potest,
789 1230 845 1290 tihi
866 1238 969 1309 pareat
992 1229 1084 1312 orbis,

262 1339 300 1380 ne
323 1315 446 1399 pereat'
492 1320 566 1380 dixit
589 1321 759 1398 pariterque
783 1321 814 1379 in
837 1318 927 1380 verba
950 1321 1042 1398 petita

264 1409 313 1469 dat
336 1415 466 1469 sanctam
490 1408 670 1469 cumfratre
693 1408 790 1468 fidem.
837 1408 975 1488 discedis,
996 1409 1090 1490 Avite,

73 1553 77 1564 ,
194 1510 245 1559 510
263 1503 403 1579 maestus,
426 1499 478 1576 qui
500 1495 598 1557 Gades
622 1499 715 1557 scires
738 1515 799 1557 non
821 1515 909 1576 posse
932 1497 1032 1579 latere,

265 1587 342 1665 quod
364 1587 481 1665 possint
503 1587 613 1646 servire
638 1585 727 1646 Getae
750 1592 780 1646 te
802 1588 946 1665 principe.
991 1604 1121 1666 namque

265 1675 378 1736 civibus
401 1682 435 1735 ut
456 1676 552 1754 patuit
574 1674 700 1753 trepidis
723 1681 753 1735 13
776 1674 895 1735 loedera
919 1675 1007 1756 ferre,

265 1771 426 1824 occurrunt
447 1762 559 1824 alacres
582 1765 744 1842 ignaroque
768 1771 836 1824 ante
858 1763 990 1824 tribunal

266 1859 415 1934 sternunt;
437 1859 529 1932 utque
552 1854 624 1912 satis
648 1851 768 1913 sibimet
789 1871 948 1914 numerosa
971 1855 1067 1914 coisse

196 1953 246 2002 625
266 1941 404 2002 nobilitas
427 1944 489 2002 visa
513 1948 567 2022 est,
590 1959 678 2019 quam
702 1960 771 2002 3313
793 1940 900 2002 nivalia
924 1940 1001 2002 Cotti

265 2030 445 2111 despectant,
467 2032 556 2090 variis
579 2048 634 2090 nec
657 2047 717 2091 non
740 2048 827 2109 quam
850 2031 984 2109 partibus
1007 2030 1099 2091 ambit

265 2119 410 2197 Tyrrheni
432 2119 585 2197 Rhenique
608 2117 714 2200 liquor,
735 2119 781 2179 vel
805 2119 891 2199 longa
913 2119 1039 2200 Pyrenei

267 2225 353 2287 quam
376 2210 444 2286 iuga
466 2207 502 2266 ab
525 2207 655 2285 Hispano
679 2207 824 2268 seclusam
846 2211 911 2269 iure
935 2208 1103 2290 cohercent,

265 2296 434 2375 aggreditur
455 2297 547 2356 nimio
570 2314 708 2357 curarum
730 2296 861 2376 pondere
883 2300 1001 2358 tristem

197 2397 247 2446 530
265 2384 396 2464 gaudens
419 2385 505 2445 turba
528 2387 634 2445 virum.
670 2403 828 2464 procerum
851 2393 915 2447 tum
935 2388 1082 2447 maximus
1101 2405 1192 2471 unua,

267 2475 383 2554 dignus,
407 2476 457 2552 qui
479 2475 591 2553 patriae
614 2493 772 2553 personam
795 2483 934 2557 sumeret,
957 2476 1036 2536 iniit:

266 2558 366 2641 ‘quam
388 2581 443 2623 nos
465 2581 520 2642 per
541 2565 639 2624 varios
662 2563 773 2625 dudum
795 2564 913 2625 fortuna
936 2563 1052 2625 labores

266 2653 400 2730 principe
425 2650 479 2712 suh
502 2670 595 2730 puero
619 2652 724 2713 laceris
746 2660 823 2714 13131
846 2672 950 2732 aspera
973 2653 1072 2734 rebus,

267 2740 327 2800 fors
346 2739 475 2821 longum,
498 2742 556 2802 dux
576 2759 689 2822 magne,
713 2744 806 2823 queri,
825 2761 893 2803 cum
912 2744 1021 2820 qnippe
1036 2742 1192 2806 dolentum
1295 2735 1296 2769 ³

197 2831 394 2890 5351131113
415 2847 484 2907 pars
507 2830 608 2911 lucris,
630 2833 742 2910 patriae
767 2830 836 2891 dum
858 2831 980 2892 vulnera
1004 2831 1108 2911 lugens

268 2917 516 2978 sollicitudinibus
538 2919 762 2980 vehementibus
787 2922 953 2998 exagitaris.

267 3007 320 3066 has
343 3005 428 3066 nohis
451 3009 530 3067 inter
553 3007 651 3068 clades
675 3027 708 3069 ac
731 3008 834 3070 lunera
857 3009 961 3070 mundi

268 3113 348 3155 mors
370 3097 479 3155 vixisse
503 3096 565 3156 init.
612 3096 664 3157 sed
688 3098 757 3157 dum
780 3115 835 3176 per
856 3097 946 3158 verba
969 3106 1125 3176 parentum

268 3185 387 3262 ignavas
411 3184 535 3245 colimus
558 3184 638 3264 leges
663 3192 855 3264 sanctumque
878 3194 1017 3266 putamus

252 3413 302 3462 507
322 3407 428 3462 crimen
445 3407 549 3463 veteris
569 3410 595 3463 Τ
614 3412 624 3478 1
646 3414 697 3463 512
717 3409 817 3478 arripis
835 3412 874 3465 M
891 3414 901 3482 1
923 3416 975 3465 515
994 3413 1043 3465 tuo
1062 3428 1112 3468 om.
1134 3414 1161 3467 Τ
1186 3417 1189 3486 1

180 3478 355 3620 1113331111
373 3481 382 3548 11
405 3484 455 3533 521
476 3479 551 3547 quod
569 3497 631 3551 epm·
650 3480 718 3549 quid
736 3483 813 3537 codd.
830 3481 834 3555 1
850 3499 888 3538 ao
905 3482 1036 3551 iamque?
1055 3485 1064 3553 1
1083 3489 1134 3538 527
1154 3503 1193 3540 aa

204 3565 302 3616 yrenes
