2614 4030
171 186 215 251 20
541 184 811 241 umnermuus

170 335 319 414 velocitas,
338 337 370 395 in
387 333 496 395 basilio
517 353 583 396 sera
596 336 794 395 numerositas
809 332 1041 413 praedicabatur.
1068 342 1183 397 utrum-

172 443 229 504 que
249 424 378 504 quidem,
398 426 424 483 si
443 424 504 484 fors
523 423 636 485 laribus
654 423 891 504 egrediebantur,
910 421 1024 484 artabat
1042 422 1183 489 clientum

170 515 290 593 praevia
321 512 484 591 pedisequa
513 512 693 573 circumfusa
724 511 921 592 populositas3
954 512 1006 572 sed
1038 512 1124 592 longe
1152 516 1185 574 iu
1215 513 1219 520 ’

172 601 294 681 paribus
318 601 452 680 dispares
472 600 617 662 sodalium
636 619 704 680 spes
728 607 757 661 et
777 602 899 681 spiritus
919 607 1011 661 erant.
1048 601 1185 684 Avienus,

86 761 93 776 ·
145 693 199 751 esi
223 690 294 770 quid
317 696 443 771 poterat,
466 692 496 750 in
520 690 590 751 filiis
609 691 727 769 generis
746 689 888 750 fratribus
906 689 1104 769 provehendis
1123 710 1186 751 mo-

172 778 312 860 liebatur3
334 796 460 859 cumque
480 797 599 858 semper
619 778 791 839 domesticis
811 777 974 839 candidatis
992 777 1185 859 distringere-

172 875 236 950 tur,
264 886 334 947 erga
363 868 561 947 expediendas
589 868 755 929 forinsecus
784 865 966 928 ambientum
990 871 1185 930 necessitates

171 959 271 1018 minus
285 956 417 1017 valenter
431 956 535 1018 efficax
550 963 621 1017 erat.
644 953 674 1017 4.
690 963 719 1016 et
733 958 764 1016 iu
778 956 835 1016 hoo
847 955 1042 1017 Corvinorum
1056 956 1183 1018 familiae

172 1046 299 1106 Deciana
330 1044 567 1127 praeferebatur,
599 1045 691 1125 quod,
729 1044 827 1125 qualia
858 1044 1036 1124 impetrabat
1068 1048 1184 1107 cinctus

133 1151 160 1190 10
172 1135 300 1195 Avienus
329 1137 405 1215 suis,
434 1133 503 1195 talia
532 1133 703 1195 conferebat
725 1132 852 1194 basilius
882 1134 1044 1196 discinctus
1072 1134 1185 1196 alienis.

172 1224 276 1284 Avieni
294 1225 410 1284 animus
428 1225 499 1284 totis
518 1230 548 1284 et
567 1225 634 1305 cito,
653 1223 705 1283 sed
720 1223 943 1305 infructuosius,
962 1222 1065 1284 Basilii
1082 1226 1186 1304 paucis

174 1319 213 1392 et
227 1330 303 1393 sero,
328 1312 379 1372 sed
398 1312 583 1373 commodius
602 1310 798 1392 aperiebatur.
835 1318 942 1372 neuter
961 1312 1043 1374 aditu
1062 1312 1185 1394 difficili,

173 1408 280 1462 neuter
304 1407 489 1482 sumptuoso,
518 1401 570 1461 sed
595 1402 621 1461 si
642 1408 802 1479 utrumque
826 1399 984 1482 coluisses,
1011 1401 1127 1462 facilius
1151 1401 1187 1462 ab

174 1489 285 1550 Avieno
309 1489 547 1570 familiaritatem,
571 1488 686 1550 facilius
709 1508 726 1549 a
749 1487 858 1550 Basilio
881 1488 1061 1551 beneficium
1084 1509 1187 1551 conse-

135 1594 163 1636 15
177 1577 315 1658 quebare.
353 1575 386 1658 5,
407 1578 515 1657 quibus
539 1579 590 1639 diu
608 1581 759 1658 utrimque
778 1577 894 1638 libratis
913 1578 942 1638 id
961 1585 1103 1640 tractatus
1122 1598 1186 1640 mu-

173 1674 243 1729 tuus
261 1669 446 1748 temperavit,
465 1674 498 1728 ut
516 1674 666 1728 reservata
686 1669 813 1727 senioris
833 1666 997 1728 consularis
1012 1671 1188 1750 reverentia,

175 1759 206 1817 in
234 1756 354 1816 domum
383 1758 468 1817 ouius
491 1775 547 1817 nec
570 1758 659 1817 nimis
682 1774 750 1816 raro
774 1755 1004 1837 ventitabamuS,
1031 1756 1188 1818 Basilianis
1281 1771 1287 1784 ·

174 1847 274 1925 potius
293 1844 565 1924 frequentatoribus
584 1844 808 1924 applicaremur.
838 1844 928 1926 ilicet,
947 1845 1018 1906 dum
1036 1865 1091 1926 per
1109 1846 1188 1907 huno

178 1933 395 2015 amplissimum
417 1936 515 1995 virum
538 1933 648 2014 aliquid
673 1932 884 2013 delegationis
904 1934 1051 1996 Arvernae
1070 1937 1189 2015 petitio·
1305 1944 1306 1949 ’

137 2022 265 2083 sonibus
285 2021 480 2104 elaboramus
500 2041 568 2083 ecce
589 2030 618 2083 et
634 2021 781 2084 Kalendae
795 2022 957 2104 Ianuariae,
976 2043 1050 2103 quae
1064 2025 1190 2104 Augusti

177 2110 308 2172 consulis
326 2128 395 2171 mox
415 2112 507 2171 futuri
522 2112 716 2190 repetendum
731 2112 814 2172 fastis
827 2130 937 2173 nomen
951 2113 1189 2193 opperiebantur.

177 2197 205 2262 6.
229 2207 301 2261 tunc
323 2206 479 2278 patronus:
506 2194 605 2282 ‘heia',
635 2203 745 2282 iuquit,
773 2197 858 2261 ‘Solii
885 2218 983 2282 meus,
1012 2220 1190 2282 quamquam

83 2351 86 2360 ,
177 2290 308 2369 suscepti
332 2288 422 2349 officii
446 2307 535 2349 onere
558 2292 720 2371 pressaris,
744 2308 848 2350 exeras
871 2289 936 2350 volo
958 2293 991 2351 in
1015 2289 1189 2370 obsequium

177 2379 246 2438 novi
268 2376 399 2438 consulis
417 2384 548 2439 veterem
566 2377 680 2438 Musam
698 2380 829 2440 votivum
848 2381 998 2458 quippiam
1017 2378 1063 2439 vel
1081 2379 1190 2441 tumul-

138 2468 283 2527 attuariis
307 2465 416 2526 fidibus
440 2469 660 2528 carminantem.
702 2466 850 2546 praebebo
874 2467 1054 2529 admittendo
1078 2469 1191 2529 aditum

177 2557 398 2635 recitaturoque
418 2554 559 2616 solacium
578 2559 774 2634 recitantique
795 2557 975 2635 suffragium.
1010 2560 1035 2617 si
1054 2558 1125 2637 quid
1140 2577 1190 2618 ex-

177 2650 262 2723 perto
290 2644 403 2725 credis,
435 2644 527 2705 multa
553 2643 609 2705 tibi
637 2647 714 2705 seria
741 2644 798 2705 hoo
825 2645 894 2706 ludo
917 2641 1191 2725 promovebuntur?

177 2735 264 2813 parui
288 2751 341 2812 ego
365 2736 540 2814 praeceptis,
569 2734 699 2793 favorem
722 2733 772 2794 ille
795 2752 855 2794 nou
880 2734 1026 2796 subtraxit
1048 2738 1191 2797 iniunctis

178 2829 208 2883 et
231 2824 387 2901 impositae
411 2822 576 2883 devotionis
596 2822 789 2902 adstipulator
808 2825 936 2884 invictus
955 2826 1016 2903 egit
1034 2843 1102 2886 cum
1121 2843 1190 2885 con-

253 2980 266 3029 1
279 2973 353 3029 seria
363 2976 388 3028 L
401 2976 410 3044 ΙΙ
424 2974 577 3046 4spiritus]
593 2974 701 3046 speeies
715 2977 793 3032 codd.
803 2977 955 3033 Helmstad.
966 2981 1022 3032 486
1035 2978 1191 3033 ctPore'riu.

179 3049 255 3102 2783
269 3049 278 3116 [Ι
293 3050 326 3099 10
346 3045 500 3101 discinctus
519 3063 603 3128 osque
617 3048 655 3102 od
667 3045 763 3101 basilii
777 3064 827 3102 oon.
839 3048 882 3117 (ΙΙΙ
896 3052 930 3101 13
949 3047 1082 3102 coluisses
1092 3048 1158 3103 LN
1160 3050 1193 3118 T,

181 3119 369 3171 consuluisses
390 3119 461 3187 VM,
480 3117 660 3172 consuluisses
681 3117 705 3173 0
714 3119 724 3188 ΙΙ
739 3123 772 3172 14
790 3118 1014 3174 familiaritatem
1033 3136 1082 3175 om.
1102 3137 1141 3188 sp.
1156 3125 1193 3176 15

181 3189 199 3242 l.
213 3207 237 3245 a.
253 3189 280 3242 L
295 3191 300 3254 Ι
315 3187 428 3243 facilius
448 3205 465 3242 a
482 3188 586 3243 besilio
601 3189 667 3244 LN
669 3190 713 3258 M,
732 3206 750 3244 e
766 3189 869 3246 basilio
888 3193 949 3262 (om.
963 3189 1087 3261 facilius)
1106 3191 1194 3258 vost

180 3259 216 3327 cf.
235 3276 275 3329 ep.
296 3261 328 3326 V,
341 3263 402 3328 2,2
422 3259 522 3314 debuit
540 3292 573 3301 —
593 3258 713 3330 debuitll
729 3267 761 3315 15
779 3263 928 3330 utrumque
947 3265 1026 3332 (corr.
1046 3264 1077 3317 in
1095 3261 1193 3316 utrim-

180 3346 234 3398 que
254 3329 300 3399 0¹)
318 3329 430 3384 libratis
450 3330 499 3384 diu
520 3330 561 3401 01
576 3334 725 3401 utrumque
743 3332 771 3385 L
783 3334 793 3402 ss
808 3337 841 3386 16
861 3335 973 3388 servata
992 3336 1032 3402 (re
1050 3350 1071 3389 s.
1091 3334 1107 3389 l.
1127 3335 1192 3390 odd.

181 3400 281 3469 T¹)r;
299 3402 334 3468 cf.
353 3419 393 3470 ep.
408 3403 464 3471 IV,
478 3405 556 3470 11,7
578 3408 581 3470 Ι
604 3401 762 3458 reverentie
779 3403 925 3472 LVMT¹‚
943 3402 1105 3472 frequentia
1125 3405 1151 3460 Τ
1156 3404 1196 3459 ¹0

180 3471 189 3539 d
208 3477 241 3526 20
260 3487 325 3525 ecce
344 3480 374 3526 et
392 3473 490 3527 LVM
494 3475 526 3541 T,
545 3489 609 3527 eece
628 3476 688 3542 (om.
709 3476 748 3543 et)
765 3474 789 3529 0
798 3478 808 3546 t
821 3480 855 3529 22
870 3482 935 3544 poet
952 3492 1031 3529 meus
1049 3493 1089 3547 ep.
1104 3479 1123 3531 8
1137 3476 1154 3531 i.
1167 3493 1192 3532 o.

180 3544 213 3597 c'c
231 3542 267 3612 L,
284 3542 403 3596 cendum
421 3559 482 3614 cap.
497 3543 531 3598 N
532 3544 549 3612 ¹,
568 3543 689 3612 agedum
711 3545 894 3602 Wclomowitz
907 3549 916 3618 ΙΙ
