2610 4056
189 211 255 277 208
567 207 827 263 nmnnsosun

190 362 341 439 geminare
374 378 442 418 cum
473 358 601 437 quadam
630 361 741 418 mentis
772 360 938 418 intentione
974 356 1137 439 debemus,
1175 378 1225 420 ne

190 450 267 510 forte
290 447 425 508 rideatur
446 450 512 527 ipse
534 446 603 526 plns
625 447 741 508 litteras
763 465 801 507 ex
819 447 906 506 inore
928 446 1090 525 deposcere
1115 467 1224 526 quam

190 556 246 598 nos
269 556 307 598 ex
329 555 429 597 amore
456 536 583 617 dictare,
615 536 736 596 domine
762 554 852 615 papa3
882 535 1010 614 ideoque
1024 543 1225 597 ·vestr0rum

190 626 258 705 plus
280 633 471 706 mementote,
493 645 569 704 quos
592 628 672 686 iuter
693 627 912 704 praesumimus
934 627 1114 705 computari,
1144 629 1225 704 qui-

164 734 266 796 nque,
293 718 372 776 sicut
394 717 501 775 vestris
524 717 669 793 erigimur
690 714 845 794 secundis,
871 716 915 773 ita
936 713 1136 792 deprimimur
1161 715 1223 775 ad-

191 807 295 865 versis.
333 801 363 864 2.
381 822 451 864 nam
464 804 544 882 quod
557 821 655 882 nuper
668 805 876 882 quorumpiam
889 803 1014 862 bunum
1026 805 1222 865 necessitate

192 893 301 955 multos
333 892 518 972 pertuleritis
555 911 696 972 angores,
732 891 825 952 flebili
855 891 892 951 ad
924 891 1030 952 flentes
1061 891 1223 954 relatione

191 984 336 1063 pervenit
381 982 436 1042 scd
470 990 518 1062 tu,
554 981 610 1041 llos
647 981 836 1042 sacerdotum
871 999 987 1059 gemma
1021 981 1222 1063 pontificum,

192 1074 317 1132 scientia
343 1071 430 1130 fortis
457 1071 564 1131 fortior
593 1073 788 1150 couscientia,
816 1072 912 1130 minas
938 1070 1092 1148 undasque
1119 1089 1222 1132 mun-

153 1179 180 1220 ro
194 1160 318 1221 dialium
341 1178 449 1238 sperne
471 1160 655 1240 nimborum,
684 1162 754 1238 quia
780 1159 954 1237 frequenter
980 1161 1045 1237 ipse
1068 1158 1220 1241 docuisti,

193 1249 271 1329 quod
299 1248 337 1308 ad
363 1251 510 1328 promissa
537 1251 670 1310 convivia
696 1248 932 1328 patriarcharum
962 1246 1010 1307 vel
1036 1247 1073 1307 ad
1103 1257 1220 1310 nectar

82 1403 86 1410 ,
192 1337 366 1399 caelestium
384 1337 561 1416 poculorum
579 1356 636 1417 per
649 1337 881 1398 amaritudinum
894 1343 1083 1396 terrenarum
1097 1337 1219 1400 calices

192 1428 408 1506 perveniretur.
440 1425 470 1488 3.
493 1427 566 1487 velis
590 1426 675 1508 nolis,
698 1429 825 1506 quisque
848 1428 1010 1505 contempti
1031 1425 1217 1488 mediatoris

193 1518 388 1595 consequitur
419 1534 558 1598 regnum,
594 1518 730 1595 sequitur
767 1515 944 1594 exemplum
990 1515 1218 1593 quantumlibet

153 1622 178 1664 n
192 1603 280 1666 uobis
303 1607 485 1666 anxietatum
502 1613 620 1684 pateras
642 1607 718 1665 ritae
736 1606 902 1684 praesentis
920 1605 1058 1682 propinet
1076 1603 1218 1687 afflictio,

192 1712 282 1774 parva
304 1692 475 1775 toleramus,
494 1697 521 1754 si
538 1694 740 1775 recordamur,
758 1693 830 1773 quid
849 1691 960 1752 biberit
977 1693 1014 1752 ad
1031 1692 1217 1775 patibulum,

194 1784 246 1863 qui
268 1785 373 1843 invitat
397 1784 432 1844 ad
459 1783 583 1844 caelum
628 1801 744 1843 memor
771 1784 866 1843 nostri
895 1799 963 1841 esse
990 1781 1129 1863 dignare,
1161 1784 1218 1844 do-

194 1891 275 1933 mme
298 1890 383 1951 papa.

682 2080 722 2145 V.

285 2200 453 2256 SIDONIUS
471 2198 615 2255 DOMINO
633 2201 751 2256 PAPAE
769 2201 920 2257 IULIANO
940 2200 1118 2256 SALUTEM.

156 2333 182 2372 ro
265 2311 293 2375 1.
316 2313 381 2374 Etsi
404 2312 572 2392 plusculum
590 2313 667 2376 forte
690 2315 827 2397 discreta,
851 2333 939 2394 quam
962 2317 1127 2376 communis
1147 2319 1214 2377 ani-

196 2420 263 2463 mus
287 2401 419 2482 optabat,
451 2402 521 2462 sede
545 2406 750 2485 consistimus,
771 2423 832 2465 uon
854 2413 954 2465 tamen
976 2403 1068 2464 medii
1090 2405 1214 2466 itineris

197 2490 329 2573 obiectu,
362 2496 504 2570 quantum
528 2491 564 2551 ad
592 2492 766 2554 solvendum
798 2501 912 2574 spectat
939 2493 1084 2573 officium,
1107 2502 1214 2556 nostra

198 2578 339 2641 sedulitas
363 2579 573 2660 impediretur,
605 2584 664 2641 nisi
687 2583 765 2661 quod
788 2601 843 2662 per
865 2600 957 2660 regna
980 2581 1067 2642 divisi
1090 2601 1107 2643 a
1129 2601 1212 2644 com-

198 2671 309 2730 mercio
346 2668 548 2748 frequentiore
587 2673 732 2730 sermonis
764 2671 949 2732 diversarum
985 2673 1110 2730 sortium
1143 2675 1211 2734 iure

157 2774 184 2817 rt
199 2776 384 2838 revocamur3
408 2775 483 2835 quae
505 2775 585 2818 nuuc
609 2758 707 2820 saltim
729 2768 798 2839 post
819 2762 901 2840 pacis
919 2761 1024 2820 initam
1041 2762 1212 2839 pactionem

199 2849 268 2928 quia
291 2845 428 2907 fidelibus
447 2846 553 2905 animis
572 2847 812 2930 foederabuntur,
830 2851 930 2928 apices
948 2851 1045 2910 nostri
1063 2851 1210 2929 incipient

199 2953 364 2996 commeare
380 2932 486 3014 crebri,
497 2937 636 3012 quoniam
651 2945 768 2998 cessant
781 2956 847 2998 esse
863 2940 1001 3018 suspecti
1027 2935 1055 2998 2.
1074 2940 1210 3020 proinde,

199 3024 317 3084 domine
350 3040 437 3102 papa,
470 3041 538 3083 cum
565 3029 761 3087 sacrosanctis
793 3026 935 3087 fratribus
962 3029 1070 3086 vestris
1097 3029 1210 3106 pariter

199 3111 317 3173 Christo
342 3109 558 3189 supplicaturas
581 3115 694 3193 iungite
717 3134 836 3199 preces,
868 3123 901 3176 ut
928 3116 1064 3196 diguatus
1087 3134 1209 3196 prospe-

272 3357 288 3407 3
307 3350 427 3432 ideoque
447 3351 481 3420 L,
500 3351 565 3408 idco
583 3357 663 3420 (corr.
683 3358 715 3411 iot
732 3356 763 3409 in
782 3358 834 3412 deo
853 3357 1013 3426 MDMOT
1031 3361 1041 3426 l
1061 3362 1077 3412 6
1097 3356 1180 3412 siclt
1202 3361 1205 3432 1

200 3424 242 3478 ita
262 3422 445 3494 deprimmur
462 3439 512 3479 om.
528 3425 577 3495 Lss
596 3431 629 3479 14
647 3427 840 3495 quantaslibet
860 3429 884 3484 0
900 3431 909 3498 ΙΙ
934 3435 966 3483 16
985 3429 1155 3483 recordimur
1171 3430 1208 3499 L,

200 3497 220 3548 t'.
239 3511 260 3550 e,
279 3493 464 3562 recordemur,
483 3495 546 3562 fort.
566 3504 634 3553 recte
652 3500 661 3569 Ι]
679 3504 713 3552 23
731 3497 800 3570 nisi]
818 3516 875 3554 non
895 3499 919 3554 0
937 3505 946 3568 ΙΙ
969 3506 1003 3554 24
1021 3499 1207 3567 frequentiore
1235 3515 1239 3524 ’

202 3565 245 3632 Μ,
264 3565 309 3620 vel
327 3563 366 3618 rie
385 3580 405 3620 a.
425 3565 443 3620 l.
462 3567 660 3638 oddM²1129
680 3569 885 3639 supplicaturos
905 3570 1015 3625 Christo
1036 3571 1087 3626 OT
1099 3575 1108 3639 u
