2660 4030
163 194 227 259 1⁵10
509 193 618 247 LIBER
635 192 819 250 SEPTIMUS.

228 361 299 403 rura
320 342 504 422 paludicolae
526 345 635 403 temnis
658 343 800 422 populosa
822 342 978 404 Ravennae

169 444 205 494 20
272 440 303 492 et
325 451 400 511 quae
422 431 554 510 lanigero
577 432 613 492 de
637 450 689 492 sue
712 423 821 492 nomen
842 431 959 492 habent.

228 519 352 599 angulus
375 523 431 581 iste
454 520 551 600 placet
573 524 825 600 paupertinusque
849 539 987 582 recessus

294 616 324 670 ct
346 627 426 690 casa,
450 612 499 670 cui
521 609 618 671 culmo
641 609 770 670 culmina
791 628 895 690 pressa
918 609 1023 671 lorent.

228 698 366 760 aedificas
388 698 437 758 hic
460 701 524 778 ipsc
548 698 603 759 deo
626 698 793 760 venerabile
816 698 974 780 templum,
1051 779 1054 784 Δ

293 789 358 867 ipse
381 787 430 847 dei
452 786 596 866 templum
618 806 743 867 corpore
766 788 842 848 facte
864 790 956 867 prius.

170 887 204 938 25
227 877 305 937 liniti
327 894 434 936 cursus
457 879 525 937 istic
547 879 683 955 vitaeque
706 879 842 955 viaeque:

294 965 396 1026 sudori
420 972 556 1044 superest
579 965 667 1044 dupla
690 983 799 1026 corona
821 973 880 1027 tuo.

227 1056 287 1114 iam
309 1061 339 1114 te
362 1057 555 1115 circumstant
572 1055 703 1134 paradisi
724 1054 806 1115 milia
828 1057 921 1136 sacri3

293 1141 440 1204 Abraham
463 1145 521 1204 iam
543 1150 573 1204 te
593 1146 829 1222 conperegrinus
851 1142 952 1225 habet,

227 1233 286 1292 iam
308 1234 434 1311 patriam
457 1233 636 1313 ingrederis,
660 1233 712 1293 sed
735 1233 772 1293 de
796 1251 854 1312 qua
877 1233 986 1293 decidit
1008 1232 1115 1313 Adam3

293 1323 353 1381 iam
374 1328 459 1399 potes
482 1321 518 1382 ad
542 1322 653 1382 lontem
676 1321 807 1382 fluminis
830 1324 874 1383 ire
897 1324 950 1382 tui.

228 1459 257 1522 3.
280 1463 370 1544 Ecce,
402 1471 435 1524 ut
467 1465 653 1545 iniunxeras,
685 1482 760 1543 quae
793 1470 907 1524 restant
938 1463 1053 1543 sepulto
1091 1467 1170 1526 iusta

160 1551 369 1634 persolvimus,
407 1554 472 1633 sed,
505 1555 530 1613 si
561 1554 693 1613 vicissim
725 1555 856 1614 caritatis
890 1554 1025 1632 imperiis
1062 1553 1171 1614 fratres

161 1643 271 1702 amicos
294 1641 510 1702 commilitones
535 1640 659 1721 obsequi
682 1642 775 1722 decet,
798 1640 834 1701 ad
857 1643 965 1722 ricem,
993 1659 1113 1722 quaeso,
1136 1650 1171 1703 tu

161 1748 278 1809 quoque
302 1730 411 1810 quibus
434 1734 547 1791 emines
571 1733 716 1791 institutis
739 1729 901 1810 discipulos
924 1733 989 1791 eius
1008 1730 1170 1810 aggredere

133 1818 251 1879 nsolari
269 1819 519 1898 fluctuantemque
541 1820 674 1899 regulam
693 1820 817 1880 fratrum
836 1819 1044 1880 destitutorum
1064 1838 1169 1880 secun·

161 1907 231 1968 dum
256 1916 363 1969 statuta
376 1907 576 1969 Lirinensium
595 1915 713 1987 patrum
726 1907 773 1968 vel
787 1907 1029 1969 Grinincensium
1043 1908 1168 1970 festinus

161 1997 303 2078 informa3
322 2000 406 2057 cuius
431 1997 603 2076 disciplinae
624 1999 650 2056 si
673 1999 724 2076 qui
747 1996 882 2076 rebelles,
905 2000 970 2076 ipse
994 1999 1117 2079 castiga3
1141 2000 1168 2058 si

161 2088 213 2164 qui
236 2104 388 2166 sequaces,
410 2089 474 2164 ipse
498 2085 649 2146 conlauda.
694 2081 725 2146 4.
757 2088 944 2165 praepositus
966 2086 1025 2146 illis
1049 2088 1171 2166 quidem

160 2173 277 2234 videtur
302 2181 420 2234 sanctus
443 2174 607 2254 AnxaniuS,
640 2177 693 2253 qui
723 2177 781 2255 vir,
812 2183 846 2235 ut
877 2177 969 2256 nosti,
1000 2174 1169 2254 plusculum

121 2285 146 2325 ιο
161 2265 238 2323 iusto
271 2269 300 2323 et
332 2281 456 2342 corpore
488 2263 624 2323 infirmus
652 2271 681 2324 et
713 2263 898 2324 verecundus
929 2265 1048 2342 ingenio
1073 2282 1167 2344 eoque

160 2352 283 2430 parendi
306 2370 394 2430 quam
417 2352 582 2430 imperandi
612 2355 778 2431 promptior
810 2355 901 2431 exigit
931 2359 961 2413 te
994 2355 1105 2433 rogari,
1137 2360 1171 2414 ut

160 2448 211 2500 tuo
239 2443 304 2518 ipse
331 2440 386 2500 suh
414 2443 585 2519 magisterio
615 2444 788 2502 monasterii
819 2443 960 2520 magister
989 2441 1109 2502 accedat
1131 2449 1170 2522 et,

161 2531 277 2608 siquis
301 2528 383 2590 illum
407 2529 443 2590 de
462 2530 629 2591 iunioribus
652 2532 798 2610 spreverit
824 2539 973 2610 tamquam
996 2532 1169 2610 imperitum

159 2617 206 2677 rel
228 2617 456 2699 pusillanimem,
478 2637 532 2699 per
554 2627 583 2681 te
606 2638 699 2680 unum
723 2622 831 2681 sentiat
852 2627 1012 2698 utrumque
1034 2638 1095 2680 non
1113 2622 1169 2679 im-

120 2728 146 2768 as
160 2725 239 2787 pune
262 2710 419 2768 contemni.
462 2709 533 2787 quid
563 2705 676 2769 multa?
716 2711 761 2769 ris
784 2717 817 2770 ut
844 2712 946 2788 paucis
979 2709 1051 2787 qnid
1081 2708 1170 2769 velim

160 2793 323 2875 agnoscas?
346 2815 465 2878 quaeso,
484 2804 517 2858 ut
539 2797 628 2858 abbas
653 2799 692 2858 sit
714 2798 805 2858 frater
819 2791 968 2858 Auxanius
988 2815 1078 2876 supra
1097 2817 1168 2859 con-

160 2888 373 2968 gregationem,
396 2893 428 2947 tu
451 2904 520 2946 roro
545 2894 574 2946 et
597 2905 687 2965 supra
709 2886 852 2947 abbatem.
889 2885 960 2946 vale.

230 3091 256 3129 r.
271 3079 305 3128 28
324 3076 353 3128 le
371 3073 428 3128 iam
450 3075 492 3146 οη
507 3082 522 3131 6
541 3073 761 3144 grinnieensium
782 3075 805 3130 0
815 3078 824 3144 ΙΙ
