2660 4030
359 187 527 244 SIDONIUS
546 187 696 244 ERlPHlO
716 187 784 245 SUO
805 188 981 246 SALUTEM.
1113 189 1177 256 123

164 340 280 401 cideret
302 340 451 399 tramitem
474 356 530 398 nec
553 345 679 419 caveret,
701 338 760 399 huc
782 357 837 418 per
856 339 1072 418 catastropham
1091 357 1178 419 saepe

163 436 308 510 pronatus
335 445 423 506 aegre
452 427 488 487 de
516 429 638 488 ruinoso
666 426 746 488 flexu
773 445 805 487 se
833 426 1032 509 recolligeret,
1064 431 1179 507 primus

163 519 229 580 ludi
251 516 287 578 ab
311 523 435 577 accentu
459 533 525 576 sese
547 518 674 576 removit
697 519 879 595 suspiriosus
902 518 979 577 extis
998 515 1179 578 incalescen-

163 607 254 669 tibus.
290 623 418 684 namque
442 611 472 665 et
494 604 639 666 iecusculi
662 605 736 665 fibra
753 611 887 666 tumente
905 605 1076 685 pungebant
1094 624 1179 666 exer-

163 698 288 758 citatum
307 693 406 755 crebri
424 692 550 754 dolores.
588 691 617 756 8.
637 694 739 754 destiti
756 695 892 772 protinus
910 697 1027 775 etipse,
1045 696 1178 755 facturus
1206 711 1219 752 a

164 785 374 846 communione
397 783 534 843 cessandi
556 800 621 843 rem
644 785 784 863 caritatis,
807 800 845 842 ne
868 782 1076 843 verecundiam
1095 782 1180 843 lassi·

164 874 237 935 tudo
265 873 395 933 fraterna
421 877 582 950 pateretur.
629 889 698 950 ergo
726 877 759 931 ut
783 872 921 932 sedemus
945 879 975 931 et
1002 871 1087 932 illum
1110 890 1178 932 mox

163 980 271 1041 aquam
296 961 332 1021 ad
355 961 461 1021 faciem
478 967 580 1040 petere
600 960 691 1020 sudor
710 960 871 1040 admonuit,
894 959 1026 1021 exhibita
1044 963 1181 1039 poscenti

164 1059 220 1131 est,
238 1052 351 1130 pariter
370 1056 400 1109 et
417 1048 543 1109 linteum
556 1048 633 1109 villis
648 1056 797 1129 onustum,
816 1048 896 1128 quod
909 1049 1043 1128 pridiana
1058 1068 1180 1127 squama

164 1139 290 1219 politum
323 1157 393 1199 casu
426 1138 480 1198 sub
508 1139 582 1216 ipsis
612 1137 762 1199 aediculae
789 1137 880 1198 valvis
912 1136 1113 1217 bipatentibus
1142 1138 1218 1198 dero

165 1230 300 1289 ianitoris
324 1233 424 1288 arceto
447 1227 612 1287 trocleatim
635 1228 705 1288 lune
729 1226 858 1287 nutabat.
896 1224 925 1288 9.
950 1244 1008 1306 quo
1032 1227 1103 1287 dum
1124 1246 1179 1306 par

166 1319 260 1378 otium
286 1335 377 1395 genas
400 1317 504 1376 siccat:
531 1310 679 1396 ‘vellem',
704 1317 815 1396 inquit,
843 1310 896 1375 ‘ad
918 1334 1050 1394 pannum
1073 1315 1179 1376 similis

165 1407 257 1466 oflicii
290 1404 410 1484 aliquod
445 1404 639 1465 tetrastichon
675 1403 749 1464 mihi
782 1403 873 1465 scribi
909 1399 1049 1465 iuberes'.
1096 1401 1179 1485 ‘liat',

165 1499 294 1575 inquam.
327 1489 392 1554 ‘sed
411 1493 491 1572 quod
510 1489 630 1575 meum’,
649 1493 733 1574 dixit,
751 1488 793 1553 ‘et
807 1511 915 1554 nomen
929 1500 1025 1553 metro
1040 1490 1177 1555 teneret'.

165 1583 307 1663 respondi
333 1581 487 1662 possibilia
514 1582 593 1642 factu
617 1600 691 1660 quae
714 1583 908 1660 poposcisset.
957 1580 1023 1660 [ait]
1048 1589 1077 1642 et
1100 1585 1178 1661 ipse:
1194 1597 1219 1638 ιι

165 1670 257 1733 ‘dicta
279 1666 371 1750 ergo'.
402 1678 474 1732 tunc
498 1688 552 1748 ego
572 1671 722 1731 arridens:
745 1666 825 1730 ‘ilico
845 1672 921 1730 scias
940 1669 1039 1731 Musas
1056 1673 1179 1751 moveri,

167 1763 194 1822 si
221 1760 310 1822 choro
338 1761 470 1839 ipsarum
493 1777 553 1819 non
581 1759 692 1838 absque
715 1758 836 1819 arbitris
858 1754 980 1819 racem?
1024 1758 1179 1838 respondit

166 1850 216 1911 ille
243 1848 388 1909 violenter
416 1856 446 1908 et
471 1847 651 1930 perurbane,
683 1854 717 1909 ut
746 1855 792 1908 est
819 1854 923 1908 natura
950 1848 996 1907 vir
1025 1846 1178 1908 flammeus

165 1940 345 2019 quidamque
364 1937 518 1998 facundiae
537 1937 603 1998 lons
622 1937 829 1997 inexhaustus:
853 1931 940 2017 ‘vide,
959 1936 1078 1997 domine
1098 1936 1179 2017 Solli,

165 2047 203 2088 ne
226 2030 320 2107 magis
339 2026 442 2105 Apollo
466 2026 542 2087 forte
565 2033 726 2106 moveatur,
750 2025 829 2104 quod
852 2043 921 2085 suas
945 2024 1078 2086 alumnas
1097 2025 1178 2086 solus
1192 2044 1220 2084 so

165 2117 202 2178 ad
229 2124 344 2177 secreta
373 2109 536 2175 sollicitas?
581 2117 640 2175 iam
672 2122 757 2194 potes
787 2132 889 2195 nosse,
922 2132 1011 2193 quem
1043 2113 1180 2193 plausum

166 2207 315 2266 sententia
336 2211 396 2264 tam
418 2206 583 2284 repentina,
605 2212 665 2264 tam
688 2203 786 2282 lepida
809 2205 1009 2264 commoverit.
1050 2198 1100 2265 10.
1124 2223 1180 2264 nec

165 2293 231 2374 plus
250 2300 381 2354 moratus
400 2310 470 2353 mox
489 2311 542 2352 suo
563 2291 669 2372 scriba,
688 2294 739 2370 qui
757 2291 933 2371 pugillarem
952 2295 1034 2353 iuxta
1051 2292 1179 2374 tenebat,

167 2384 203 2444 ad
224 2402 272 2444 me
295 2389 398 2443 vocato
423 2381 575 2443 subditum
598 2384 642 2442 sic
665 2382 845 2460 epigramma
869 2382 1035 2460 composui:

254 2507 339 2568 Mane
362 2524 439 2566 novo
462 2524 515 2566 seu
539 2525 607 2566 cum
629 2506 775 2565 ferventia
797 2504 901 2565 balnea
923 2512 1051 2584 poscunt
1194 2522 1220 2564 aa

321 2613 374 2656 seu
398 2612 466 2655 cum
488 2601 596 2655 venatu
619 2596 701 2655 frons
725 2592 864 2654 calefacta
887 2594 995 2673 madet,

255 2685 311 2745 hoc
335 2684 431 2745 foveat
453 2682 577 2763 pulcher
599 2684 705 2743 faciem
727 2680 894 2743 Filimatius
916 2682 1015 2762 udam,

321 2775 429 2851 migret
450 2780 484 2834 ut
507 2775 539 2833 in
561 2771 696 2832 bibulum
719 2770 812 2831 vellus
836 2769 872 2831 ab
895 2787 946 2831 ore
970 2769 1076 2850 liquor.

165 2897 349 2977 Epiphanius
373 2902 476 2959 noster
497 2899 546 2957 vix
570 2897 770 2976 suprascripta
793 2901 990 2976 peraraverat,
1013 2900 1043 2954 et
1061 2895 1178 2954 nuntia-

166 2995 229 3047 tum
252 2994 299 3046 est
325 2985 398 3046 hora
421 2993 560 3047 monente
583 2985 724 3064 progredi
746 2985 918 3063 episcopum
943 2983 979 3043 de
1001 2984 1178 3063 receptorio,
1193 3003 1220 3044 co

165 3093 279 3155 nosque
308 3077 501 3136 surreximus.
549 3071 599 3136 11.
628 3074 664 3134 da
690 3071 855 3153 postulatae
882 3079 916 3132 tu
942 3074 1059 3132 veniam
1086 3072 1180 3131 canti·

238 3263 327 3317 lhuc
346 3263 372 3317 L
391 3270 416 3320 et
435 3267 516 3331 (corr.
536 3265 568 3318 tn
586 3262 623 3315 ad
646 3261 699 3316 hoc
717 3261 821 3329 N¹)N‚
850 3259 886 3314 ad
909 3260 962 3315 hoe
988 3258 1037 3330 (ad
1060 3261 1092 3314 iu
1114 3275 1180 3328 ras,

166 3334 219 3388 hoo
241 3351 262 3390 a.
283 3336 299 3389 l.
319 3333 597 3405 add.,P¹)MOTP,
624 3349 698 3386 nunc
721 3333 914 3403 Eatgclbrecht,
942 3347 975 3384 ac
994 3330 1180 3401 Iacetjoboua,

166 3405 233 3461 hino
251 3407 434 3462 Wilamowita
447 3409 456 3475 ΙΙ
471 3415 485 3462 7
506 3406 634 3460 sedemus
648 3404 683 3472 L,
703 3403 826 3457 sedimus
841 3403 909 3472 NT,
928 3401 1083 3456 resedimus
1097 3403 1136 3457 M
1138 3402 1176 3472 Gt

168 3479 196 3531 ct
213 3478 273 3533 secl.
293 3477 471 3547 LuetJ'obaun
497 3477 615 3547 (probat.
638 3475 804 3542 resedimus)
826 3478 835 3543 ΙΙ
857 3479 891 3528 14
909 3473 993 3542 dixit]
1016 3472 1110 3543 inquit
1128 3475 1155 3528 T
1169 3474 1179 3545 d

168 3553 200 3602 to
220 3548 261 3603 ait
278 3551 311 3604 io
328 3566 383 3604 roe.
406 3551 439 3603 M
444 3549 461 3618 ¹,
480 3549 588 3604 seclusit
606 3547 783 3615 Lcetjooaon
796 3551 806 3616 fl
820 3551 854 3601 20
872 3562 955 3616 mage
975 3545 1001 3599 Τ
1012 3549 1022 3616 ΙΙ
