2610 4056
540 161 649 215 amna
667 159 798 217 NONUS.

435 329 490 371 nec
513 313 545 370 in
567 310 624 371 hoc
647 316 778 371 moratus
802 329 855 370 axe

436 402 494 460 cito
518 399 554 460 ad
578 418 646 460 arva
668 406 774 478 perget
796 401 862 459 euri

437 487 683 568 aquilonibusque
707 494 737 548 et
759 490 869 549 austris

366 589 417 638 120
437 577 632 656 zephyrisque
656 577 831 656 perferetur.

230 700 258 764 6.
283 720 361 782 ecce,
386 701 456 761 dum
480 719 589 780 quaero
614 701 685 780 quid
709 707 820 782 cantes,
843 703 908 780 ipse
931 702 1054 761 cantavi.
1104 700 1195 762 tales

162 793 242 852 enim
265 809 358 869 nugas
381 791 413 850 in
437 792 496 849 imo
521 791 625 850 scrinii
648 790 739 850 fundo
762 789 897 850 muribus
920 789 1087 868 perforatas
1112 799 1194 869 post

163 898 254 940 annos
273 881 395 940 circiter
413 880 518 957 viginti
535 879 655 958 prolero
669 881 700 938 in
715 878 822 960 lucem,
836 877 938 957 quales
957 880 1023 957 pari
1041 885 1191 957 tempore

163 968 334 1049 absentans,
363 986 430 1028 cum
463 967 584 1028 domum
607 967 709 1048 rediit,
738 966 838 1028 Ulixes
861 969 995 1027 invenire
1019 969 1189 1045 potuisset.

135 1057 287 1136 sproinde
314 1063 397 1136 peto,
427 1062 460 1116 ut
486 1056 693 1135 praesentibus
720 1055 844 1116 ludicris
872 1055 999 1116 libenter
1029 1057 1187 1134 ignoscas.

162 1145 234 1206 illud
253 1164 323 1206 vero
342 1163 397 1205 nec
420 1144 587 1205 verecunde
606 1164 661 1205 nec
680 1145 869 1224 impudenter
882 1147 1015 1225 iniungo,
1034 1151 1078 1225 ut,
1098 1145 1186 1223 quod

162 1237 227 1314 ipse
255 1235 292 1295 de
319 1233 472 1294 familiaris
500 1236 560 1294 mei
587 1236 703 1313 integro
731 1233 808 1294 libro
836 1235 1039 1314 pronuntiavi,
1062 1233 1122 1294 hoc
1151 1241 1185 1296 tu

164 1325 249 1402 quasi
273 1322 447 1384 sollicitatus
466 1321 595 1401 exempli
613 1324 789 1384 necessitate
809 1323 845 1383 de
864 1340 930 1383 meo
946 1324 1066 1383 sentias.
1105 1323 1186 1385 vale.

627 1549 714 1615 XIV.

305 1669 474 1726 SIDONIUS
493 1669 748 1725 BURGUNDIONI
767 1671 835 1726 SUO
855 1669 1032 1727 SALUTEM.

125 1806 151 1846 1o
233 1781 260 1845 1.
296 1783 461 1864 Dupliciter
489 1785 657 1864 excrucior,
686 1785 764 1864 quod
791 1791 927 1844 nostrum
950 1791 1075 1863 uterque
1100 1784 1185 1846 lecto

165 1880 290 1934 tenetur.
336 1872 412 1933 nihil
442 1874 522 1933 enim
554 1880 600 1933 est
632 1873 750 1954 durius,
784 1891 872 1952 quam
905 1891 973 1933 cum
1002 1881 1184 1952 praesentes

166 1963 253 2023 amici
276 1962 448 2022 dividuntur
466 1964 673 2022 communione
693 1961 857 2043 languoris,
880 1963 990 2041 quippe
1010 1964 1036 2022 si
1056 1963 1186 2046 accidat,

165 2058 198 2112 ut
221 2070 277 2112 nec
300 2053 377 2111 inira
400 2069 494 2110 unum
518 2049 654 2110 conclave
678 2050 864 2131 decumbant,
887 2050 966 2110 nulla
987 2056 1056 2111 snut
1078 2051 1184 2134 verba,

166 2140 245 2201 nulla
269 2139 390 2220 solacia,
418 2139 498 2199 nulla
526 2138 654 2218 denique
678 2143 774 2200 mutui
797 2146 897 2201 oratus
920 2139 1109 2200 vicissitudo:
1137 2143 1183 2202 ita

127 2249 152 2288 15
167 2227 292 2307 singulis
315 2246 432 2288 maeror
455 2229 570 2308 ingens,
593 2230 678 2306 isque
701 2228 768 2308 plus
792 2229 829 2288 de
853 2227 958 2310 altero;
981 2247 1050 2288 nam
1072 2247 1184 2308 parum

165 2319 276 2397 possis,
309 2335 487 2396 quamquam
517 2324 547 2376 et
578 2318 728 2398 infirmus,
751 2317 936 2397 periclitante
961 2335 1049 2396 quem
1072 2317 1183 2396 diligas

164 2405 220 2467 tibi
242 2408 357 2466 timere.
403 2405 433 2467 2.
467 2405 519 2466 sed
543 2405 617 2466 deus
640 2406 727 2487 mihi,
760 2406 802 2466 lili
831 2408 1046 2488 amantissime,
1069 2425 1124 2486 pro
1149 2415 1181 2469 te

165 2497 283 2574 paventi
305 2493 521 2555 validissimum
549 2495 722 2574 scrupulum
750 2497 895 2575 excussit,
932 2497 1002 2574 quia
1033 2497 1181 2574 pristinas

166 2586 275 2664 incipis
298 2586 376 2643 vires
400 2602 585 2662 recuperare.
628 2584 737 2644 diceris
761 2586 841 2644 enim
864 2586 923 2644 iam
952 2583 1026 2644 velle
1054 2602 1181 2645 consur-

127 2691 152 2732 11
166 2692 250 2754 gere,
279 2672 417 2753 quodque
445 2672 511 2752 plus
540 2679 622 2753 opto,
650 2675 709 2732 iam
743 2691 840 2752 posse.
886 2691 932 2733 me
966 2680 1046 2733 certe
1079 2672 1182 2735 taliter

167 2761 296 2823 consulis
327 2768 357 2822 et
392 2761 590 2822 sollicitudine
622 2780 714 2841 prope
750 2780 917 2841 praecoqua
945 2763 1181 2840 quaestiunculis

167 2851 332 2912 litterarum
356 2852 413 2910 iam
439 2853 523 2928 quasi
547 2869 582 2910 ex
602 2869 667 2912 asse
690 2858 812 2930 vegetus
836 2869 966 2931 exerces,
989 2851 1092 2911 audire
1111 2852 1180 2930 plus

167 2940 299 3001 ambiens
333 2941 390 2999 etsi
422 2938 517 2999 adhuc
554 2958 642 3019 aeger
676 2939 818 3000 Socraten
850 2940 887 3000 de
923 2939 1057 3000 moribus
1090 2959 1180 3019 qnam

237 3113 263 3148 v.
281 3096 332 3146 120
350 3094 515 3161 pergeretur
533 3093 595 3147 PF
611 3101 636 3149 11
655 3097 736 3161 (corr.
755 3110 789 3148 cc
807 3095 940 3164 pergatur
959 3092 1078 3162 1111111111
1093 3100 1108 3148 6
1127 3091 1180 3146 im-

166 3164 320 3234 prudenter
339 3167 392 3233 (pr.
407 3181 421 3216 r
435 3181 501 3220 eras.
520 3164 598 3233 090
608 3166 647 3233 118
667 3164 793 3233 exemplo
810 3163 850 3234 01
867 3164 902 3218 da
919 3179 982 3218 meo
1002 3163 1109 3219 sentias
1127 3181 1178 3220 om.

168 3237 216 3304 01
236 3241 267 3288 11
289 3237 332 3288 esi
350 3251 400 3290 om.
422 3235 677 3305 0111111110,
696 3237 761 3291 add.
775 3235 822 3289 Μ1
842 3239 851 3306 11
874 3241 907 3290 12
928 3233 1040 3290 accidat
1058 3250 1126 3290 corr.
1146 3253 1181 3291 ear

168 3305 284 3360 accedat
302 3307 349 3361 111ι
372 3308 382 3376 11
411 3311 445 3359 14
462 3306 541 3360 nulla
560 3309 625 3360 sunb
645 3306 750 3361 solacia
771 3307 795 3362 0
816 3309 820 3376 1
845 3306 943 3376 itaque
961 3306 989 3360 P
1008 3308 1018 3375 11
1041 3310 1180 3361 16111111

166 3377 268 3448 ipsein
283 3381 315 3430 19
335 3393 498 3446 recuperare
516 3377 579 3448 OF,
597 3394 738 3432 resumere
752 3379 780 3431 P
795 3385 820 3433 11
838 3381 889 3446 ita,
906 3385 939 3433 at
956 3378 1033 3446 infra
1051 3383 1077 3432 11
1093 3394 1180 3447 supra

168 3449 216 3502 tta.
235 3465 337 3504 rasura
354 3451 400 3517 sit,
418 3448 523 3518 1111121
544 3451 573 3502 et
592 3447 783 3503 sollicitudine
801 3465 884 3518 usqae
903 3451 941 3504 ad
958 3448 1179 3517 quaestiunculis

168 3518 334 3591 11101121
355 3536 466 3575 exerces
485 3523 508 3589 (s
527 3521 559 3574 ic
577 3520 751 3590 1111Μῖ1111,
771 3535 901 3574 exercens
923 3521 970 3588 011
988 3524 1022 3574 11
1042 3521 1179 3574 socratem
