2636 4032
303 231 470 288 SIDONIUS
489 231 672 288 EUTROPIO
693 230 761 286 SUO
781 230 958 287 SALUTEM.
1093 231 1136 294 59

123 383 208 444 hrndi
237 384 331 462 ipsius
359 384 514 461 integritas
542 382 668 442 familiae
698 400 767 442 suae
796 382 959 443 dominium
986 382 1136 460 usquein

122 472 239 532 obitum
261 473 361 531 vitrici
384 490 479 551 nuper
502 473 561 531 vita
584 471 756 531 decedentis
779 473 906 551 aspexit3
934 489 1013 530 nunc
1038 477 1136 530 autem

120 563 168 620 vir
191 559 282 621 alieni
309 578 369 621 non
392 567 547 640 appetens,
576 563 623 621 sui
645 578 752 638 parcus
776 561 974 639 possessionis
998 561 1135 637 antiquae

119 669 138 710 a
159 667 191 710 se
211 648 354 710 alienatae
374 667 434 710 non
452 656 513 710 tam
531 649 637 709 damno
658 652 775 727 angitur
795 667 883 726 quam
901 648 1028 729 pudore,
1048 667 1136 726 quam

118 747 155 799 ut
179 738 328 798 redimere
357 744 493 819 conetur,
521 756 582 799 non
605 739 744 800 avaritiae
767 740 839 798 vitio
863 737 916 798 sed
939 737 1135 798 verecundiae
1163 750 1176 792 5

119 829 301 888 necessitate
334 826 528 907 compellitur.
581 824 609 888 3.
637 826 769 887 tribuere
803 827 923 905 dignare
957 828 1032 886 votis
1066 828 1137 906 suis,

119 915 264 996 precibus
287 918 371 996 meis,
394 914 528 976 moribus
552 919 620 996 tuis,
642 923 677 975 ut
697 915 733 975 ad
753 915 931 976 soliditatem
950 916 1029 975 ruris
1049 916 1136 975 istius

118 1013 151 1066 te
175 1006 380 1084 patrocinante
403 1007 570 1085 perveniat,
598 1007 646 1065 cui
669 1023 733 1065 rem
756 1012 912 1083 parentum
937 1003 1052 1082 sibique
1077 1021 1137 1062 non

119 1093 220 1154 solum
247 1101 346 1154 notam
375 1112 477 1154 verum
506 1096 595 1154 etiam
625 1097 704 1154 inter
731 1093 867 1154 lactantis
891 1092 1031 1154 infantiae
1055 1092 1136 1152 rudi-

118 1191 221 1243 menta
244 1189 389 1261 reptatam
409 1185 486 1244 siout
504 1185 654 1262 recepisse
673 1201 777 1260 parum
797 1184 990 1262 fructuosum,
1014 1183 1057 1242 sic
1075 1199 1136 1241 non
1151 1195 1176 1235 ro
1199 1209 1206 1223 ·

118 1273 287 1332 emeruisse
315 1273 405 1332 nimis
432 1271 550 1332 videtur
577 1274 723 1350 ignavum.
770 1290 824 1350 ego
852 1289 922 1331 vero
946 1276 1060 1331 tantum
1084 1269 1136 1330 ob-

119 1363 252 1439 stringar
275 1359 408 1441 indultiS,
431 1379 465 1421 ac
489 1363 514 1420 si
537 1379 620 1421 meae
639 1361 774 1439 proficiat
792 1359 983 1440 peculiariter
1000 1360 1135 1438 proprie-

117 1452 188 1529 tati,
217 1449 358 1528 quicquid
386 1468 470 1510 meus
494 1456 588 1510 aetate
617 1449 709 1509 frater
735 1451 921 1528 professione
950 1448 1042 1529 iilius,
1070 1448 1134 1508 loco

120 1541 196 1599 civis
220 1537 276 1598 lide
300 1541 413 1599 amicus
437 1541 593 1618 acceperit.
631 1537 703 1598 vale.

602 1781 658 1848 VI.

305 1903 471 1959 sipontus
490 1902 672 1958 uursosro
692 1903 760 1959 suo
780 1902 956 1958 ssuuruu.
1149 1923 1176 1963 15

190 2015 219 2079 1.
244 2018 275 2078 Si
294 2020 402 2078 veteris
421 2017 597 2098 commilitii,
621 2019 646 2076 si
665 2016 806 2096 deinceps
826 2020 979 2078 innovatae
998 2034 1052 2095 per
1072 2016 1135 2076 dies

119 2110 233 2187 gratiae
265 2106 341 2167 bene
371 2109 402 2166 in
429 2108 665 2186 praesentiarmn
698 2107 772 2167 fides
799 2114 896 2166 vestra
924 2107 1136 2185 reminiscitur,

118 2197 254 2276 profecto
278 2194 450 2274 intellegitis
474 2203 507 2256 ut
530 2213 582 2254 vos
605 2195 640 2255 ad
665 2195 841 2275 dignitatum
866 2197 909 2256 sic
927 2214 982 2256 nos
1001 2194 1038 2255 ad
1056 2195 1135 2254 desi-

120 2286 275 2346 deriorum
298 2284 427 2345 culmina
450 2284 619 2344 ascendere.
659 2286 701 2344 ite
723 2303 850 2363 namque
874 2283 1004 2345 fascibus
1027 2286 1135 2344 vestris

119 2382 272 2453 gratamur
296 2391 408 2454 omnes,
430 2381 465 2433 ut
487 2380 617 2433 erectam
638 2391 693 2451 per
715 2372 782 2434 illos
806 2391 866 2433 non
889 2375 983 2452 magis
1005 2380 1135 2433 vestram
1150 2386 1176 2427 so

119 2463 244 2524 domum
271 2480 359 2542 quam
389 2470 522 2522 nostram
552 2463 710 2522 amicitiam
742 2481 924 2523 censeamus.
975 2463 1061 2522 testis
1090 2469 1135 2522 est

118 2552 171 2612 ille
199 2558 355 2632 tractatus,
387 2554 418 2611 in
451 2568 510 2631 quo
538 2551 751 2612 exhortationis
781 2570 863 2611 meae
891 2569 952 2611 non
978 2553 1136 2612 minimum

119 2643 314 2702 incitamenta
336 2639 500 2701 valuerunt.
545 2638 574 2700 2.
598 2638 706 2719 quibus
729 2642 777 2699 rix
800 2642 940 2719 potuistis
964 2638 1078 2719 adduci,
1102 2646 1135 2700 ut

119 2730 339 2810 praefecturam
362 2728 565 2809 philosophiae
589 2730 761 2810 iungeretis,
785 2748 853 2790 curn
875 2747 927 2788 vos
946 2731 1136 2789 consectanei

120 2821 215 2879 vestri
241 2817 350 2878 Plotini
383 2816 569 2896 dogmatibus
602 2817 791 2878 inhaerentes
819 2817 855 2877 ad
882 2817 1062 2896 profundum
1089 2818 1135 2876 in·
1148 2829 1174 2871 ss

120 2909 315 2987 tempestivae
335 2909 444 2986 quietis
464 2909 557 2967 otium
576 2905 795 2967 Platonicorum
813 2905 959 2986 palaestra
978 2907 1135 2985 rapuisset,

119 2999 207 3058 cuius
231 2995 404 3076 disciplinae
429 3003 500 3056 tunc
523 2996 586 3056 fore
610 2995 744 3056 adstruxi
766 2994 891 3055 liberam
909 2994 1135 3075 professionem,

120 3105 190 3147 cum
213 3085 256 3145 nil
278 3084 406 3145 familiae
430 3083 593 3145 debuisses.
629 3103 719 3163 porro
739 3091 837 3144 autem
860 3083 990 3144 desidiae
1010 3085 1135 3144 vicinior

120 3173 280 3254 putabatur
303 3180 491 3253 contemptus
514 3172 564 3233 ille
583 3173 715 3254 militiae,
738 3172 774 3232 ad
794 3191 882 3252 quam
900 3173 1035 3233 iactitant
1052 3171 1135 3232 lividi

121 3263 268 3324 bonarum
291 3264 420 3343 partium
443 3264 523 3323 viros
546 3279 606 3322 non
628 3280 716 3341 posse
739 3263 838 3340 potius
861 3279 949 3341 quam
967 3261 1045 3322 nolle
1065 3280 1134 3323 con·
1148 3284 1176 3325 so

194 3458 208 3506 1
227 3451 312 3506 istius
327 3452 502 3521 madobares
515 3454 524 3522 11
539 3456 572 3504 15
590 3457 675 3506 totam
688 3468 729 3520 ep.
749 3451 795 3506 VI
804 3467 854 3506 om.
871 3451 896 3505 Τ
910 3451 914 3520 Ι
930 3451 1136 3520 incomptionem

120 3542 148 3580 u.
166 3541 192 3579 o.
210 3541 235 3580 o.
255 3540 305 3579 oon.
320 3523 348 3578 Ιι
367 3526 376 3590 fl
397 3527 431 3577 28
451 3521 597 3577 debuisses
617 3522 734 3590 tuuf,
754 3521 899 3577 debuisset
919 3522 983 3578 Oet
1002 3526 1082 3591 (corr.
1102 3540 1136 3578 eo

119 3594 267 3650 debuisses
287 3594 453 3663 NUNM‘t
