2636 4032
179 167 221 232 76
531 167 640 222 urana
658 167 833 234 coluros.

50 397 54 406 Ι
178 318 272 378 habeo
297 335 385 396 quam
409 317 487 397 quod
505 317 600 378 malus
619 325 705 397 poeta
724 335 789 378 esse
808 316 875 397 plus
895 320 988 397 coepi
1023 315 1074 380 10.
1092 321 1195 401 proin,

140 464 143 472 ,
180 425 299 487 quaeso,
318 405 419 467 delicti
436 407 525 467 huius
540 408 614 468 mihi
628 408 752 485 gratiam
765 406 865 487 facias,
884 407 962 485 quod
977 407 1196 488 aliquantisper

179 498 239 556 mei
257 497 423 556 meminens
444 503 577 556 arentem
595 495 732 556 venulam
749 497 846 555 rarius
865 494 981 556 flumini
999 503 1050 557 tuo
1069 499 1195 558 misceo.

180 594 260 645 tuam
283 583 384 644 tubam
407 591 487 645 totus
512 603 568 663 qua
592 592 672 664 patet
690 583 772 644 orbis
795 586 860 644 iure
879 585 1079 667 venerabitur,
1102 605 1196 665 quam

152 680 296 736 aconstat
319 675 466 752 geminata
489 673 629 735 felicitate
653 675 808 754 cecinisse,
831 673 948 752 quando
967 692 1022 735 nec
1041 675 1197 736 aemulum

180 765 313 842 repperit
340 781 395 823 nec
423 762 588 843 aequalem,
616 781 683 823 cum
710 761 827 842 pridem
855 781 942 823 aures
970 770 1000 824 et
1022 781 1074 824 ora
1096 782 1196 854 popu-

180 853 277 912 lorum
299 870 347 912 me
371 853 460 912 etiam
479 851 706 912 circumferente
729 859 948 930 pervagaretur.
985 852 1071 912 nobis
1092 861 1197 913 autern

154 937 159 945 “
180 941 300 1018 grandis
329 940 464 1022 audacia,
491 943 518 1000 si
544 940 591 1000 vel
619 940 695 1018 apud
719 939 913 1019 municipales
938 948 967 1001 et
990 941 1198 1002 cathedrarios

181 1037 314 1091 oratores
342 1036 392 1090 aut
419 1029 553 1090 forenses
580 1029 698 1089 rabulas
726 1030 903 1110 garriamus,
931 1031 983 1108 qui
1010 1032 1101 1091 etiam
1125 1050 1198 1091 cum

141 1141 168 1180 io
181 1126 335 1200 perorant,
359 1117 437 1178 salva
459 1137 531 1197 pace
553 1121 717 1198 potiorum,
737 1117 823 1178 turba
846 1121 1034 1179 numerosior
1057 1118 1198 1181 illittera-

182 1207 429 1270 tissimis'litteris
448 1214 559 1268 vacant.
596 1226 665 1267 nam
678 1214 718 1288 te,
741 1209 799 1287 cui,
822 1225 876 1267 seu
898 1206 1026 1268 liberum
1045 1226 1099 1268 seu
1121 1209 1199 1288 liga·
1281 1235 1282 1266 r

182 1305 246 1358 tum
263 1295 378 1376 placeat
396 1295 542 1357 alternare
562 1313 739 1376 sermonem,
762 1297 897 1356 intonare
917 1295 1100 1358 ambifariam
1124 1316 1198 1376 sup-

183 1388 270 1467 petit,
297 1386 415 1466 pauci,
443 1403 530 1464 quos
554 1403 688 1463 aequus
712 1387 852 1465 amavit,
880 1384 1083 1446 imitabuntur.
1121 1387 1198 1447 vale.
1281 1375 1282 1448 ἶ

661 1609 717 1676 Ν.

207 1734 374 1791 SIDONIUS
393 1732 572 1788 SIMPLICIO
591 1732 638 1787 ET
656 1731 877 1787 APOLLINARI
897 1733 973 1788 suis
993 1733 1176 1789 SALUTEM.
1281 1695 1282 1698 =

144 1867 169 1908 1⁵
252 1846 279 1910 1.
302 1849 413 1909 Eccum
435 1846 483 1907 vel
505 1847 624 1907 tandem
647 1846 731 1907 adest
753 1848 912 1925 promissio
931 1865 1005 1928 mea,
1028 1851 1201 1927 expectatio

183 1946 293 2018 vestra,
324 1936 496 2016 Faustinus,
528 1943 612 2015 pater
644 1935 769 1996 familias
802 1936 882 1995 domi
913 1935 1021 1997 nobilis
1054 1944 1085 1997 et
1114 1939 1200 1998 inter
1281 1987 1282 2010 ,

183 2029 310 2088 maxima
341 2027 453 2105 patriae
485 2027 544 2085 iam
576 2025 650 2085 mihi
680 2024 796 2103 sibique
828 2028 992 2086 communis
1021 2034 1200 2087 ornamenta
1281 2031 1282 2036 ’

184 2114 393 2176 numerandus.
438 2112 488 2173 hic
510 2131 595 2174 meus
619 2113 710 2174 frater
732 2113 874 2173 natalium
896 2114 1057 2196 parilitate,
1081 2117 1200 2176 amicus
1281 2127 1282 2148 ¹

185 2207 351 2266 animorum
375 2201 581 2284 similitudine3
606 2221 693 2282 saepe
717 2221 784 2263 cum
807 2203 864 2263 hoc
883 2205 974 2284 seria,
998 2221 1086 2282 saepe
1105 2206 1201 2264 etiam
1281 2207 1282 2210 ’

146 2311 172 2350 ao
185 2297 250 2354 ioca
272 2294 393 2373 miscui3
417 2309 543 2369 cumque
567 2290 674 2352 abhinc
692 2299 772 2352 retro
792 2293 914 2352 iuvenes
936 2310 1062 2373 eramus,
1086 2295 1117 2352 iu
1136 2293 1201 2372 pila

186 2385 217 2442 in
245 2382 382 2461 tesseris,
410 2379 532 2440 saltibus
561 2398 665 2461 cursu,
692 2388 799 2440 venatu
826 2388 928 2441 natatu
954 2387 1054 2442 sancta
1077 2400 1203 2461 semper

186 2469 342 2553 ambobus,
366 2472 434 2548 quia
457 2477 594 2529 manente
618 2472 753 2550 caritate,
777 2472 936 2530 contentio.
977 2470 1052 2530 mibi
1075 2471 1202 2549 quidem

186 2562 280 2621 maior
302 2559 350 2619 hic
373 2566 454 2639 natu,
470 2565 589 2619 tantum
612 2565 777 2639 tamem-ut
800 2577 868 2618 eum
891 2576 951 2619 uon
972 2566 1034 2619 tam
1056 2559 1204 2620 honorari

186 2667 309 2710 necesse
333 2655 413 2710 esset
431 2665 519 2726 quam
542 2647 704 2708 delectaret
726 2649 849 2729 imitari,
874 2646 962 2707 simul
985 2654 1015 2708 et
1037 2651 1102 2728 ipse
1125 2649 1202 2709 hinc

147 2736 313 2818 inamplius
336 2736 516 2817 capiebatur,
540 2737 618 2815 quod
642 2755 674 2796 se
698 2735 781 2815 diligi
804 2739 897 2815 magis
921 2755 1009 2815 quam
1033 2740 1118 2816 quasi
1139 2737 1203 2798 coli

187 2826 384 2905 intellegebat.
422 2826 474 2887 sed
496 2833 638 2905 provectu
662 2828 766 2885 aetatis
790 2832 820 2885 et
842 2825 949 2885 militia
968 2825 1106 2906 clericali,
1129 2845 1202 2887 cum

187 2923 266 2977 esset
289 2915 423 2976 amabilis
446 2917 537 2996 prius,
564 2916 661 2996 coepit
684 2913 771 2973 modo
791 2933 857 2974 esse
876 2914 1062 2975 venerabilis.
1095 2913 1124 2975 2.
1143 2933 1205 2994 per

186 3006 266 3066 huuc
290 3004 415 3065 salutem
438 3003 513 3084 dico,
536 3003 637 3064 videre
660 3021 712 3063 vos
736 3003 791 3063 sub
815 3022 870 3082 ope
893 3002 1004 3064 Christi
1027 3022 1116 3083 quam
1135 3023 1201 3064 ma—

261 3183 292 3230 13
311 3175 395 3244 Verg.
410 3173 479 3242 Aen.
494 3174 541 3242 VI,
558 3181 617 3229 129.

187 3319 245 3372 tuit
260 3246 718 3373 leqqlindaaggrqqappwtppwgith
728 3248 853 3384 ethooerr.
870 3245 1203 3387 ppIpIatqituNeplqtqdqqi

187 3389 230 3456 M,
253 3389 299 3442 vel
316 3335 438 3458 pri'mlm
456 3405 477 3442 s.
497 3389 513 3441 t.
533 3389 597 3443 odd.
616 3389 673 3457 M¹,
697 3333 864 3458 pr'imiimpl'
883 3393 892 3450 ΙΙ
911 3360 959 3441 '14'
967 3390 1049 3443 inser.
1069 3404 1120 3469 om,
1138 3387 1166 3441 L
1188 3389 1200 3456 ΙΙ

188 3467 220 3514 21
240 3465 346 3514 venatu
366 3458 431 3526 CF,
448 3475 468 3513 o.
488 3459 505 3512 l.
525 3458 588 3512 odd.
610 3460 654 3524 1⁷²,
673 3475 724 3514 om.
739 3459 925 3529 LNVMPq
939 3463 973 3512 23
992 3458 1122 3514 honorari
1138 3459 1208 3513 ΒΝ

188 3531 254 3586 MT
262 3531 293 3598 V,
312 3527 439 3583 venerari
460 3530 483 3583 0
493 3533 502 3598 ΙΙ
516 3533 550 3582 26
570 3531 599 3582 at
616 3530 651 3599 L,
670 3545 704 3583 ex
724 3533 803 3597 (corr.
823 3547 857 3585 erc
875 3532 905 3583 et
922 3529 1109 3599 N¹)NMOT
1120 3533 1129 3599 l
