2636 4032
266 203 433 260 SIDONIUS
450 202 692 258 PAPIANILLAE
712 203 805 259 SUAE
826 203 1006 261 SALUTEM.
1078 204 1143 268 119

602 417 673 484 XV.

329 540 497 596 SIDONIUS
515 539 662 596 RURIOIO
683 541 751 596 SUO
771 540 948 596 SALUTEM.

200 653 228 717 1.
256 654 355 715 Officii
384 673 521 715 sermone
548 655 679 733 praefato
702 653 900 734 bybliopolam
923 662 1059 717 nostrum
1082 673 1142 717 non

127 747 260 825 gratiose
284 742 336 804 sed
364 743 543 804 iudicialiter
566 751 705 822 expertus
729 745 861 824 insinuo,
890 746 974 804 ouius
998 751 1031 804 ut
1054 743 1144 804 fidem

129 837 163 916 in
186 841 307 913 pectore
331 833 424 892 sicin
443 851 532 912 opere
552 832 733 893 celeritatem
753 834 832 893 eirca
851 833 1003 893 dominum
1021 839 1051 892 te
1070 833 1145 893 mihi

130 922 250 1002 sibique
278 939 465 982 communem
493 923 564 982 satis
592 920 708 982 abunde
735 920 865 1000 probari.
916 921 1026 982 librum
1052 923 1143 999 igitur
1170 938 1184 979 5

128 1009 180 1072 hic
203 1013 268 1090 ipse
292 1010 427 1089 deportat
449 1009 652 1092 heptateuchi,
676 1013 819 1089 scriptum
842 1010 996 1070 velocitate
1020 1028 1143 1090 summa,

130 1109 250 1162 summo·
271 1101 381 1180 nitore,
412 1116 588 1178 quamquam
612 1106 642 1159 et
666 1118 682 1159 a
704 1098 791 1159 nohis
814 1098 957 1160 relectum
981 1105 1011 1159 et
1033 1106 1143 1159 retrac-

129 1197 233 1250 tatum.
271 1187 366 1248 defert
392 1187 530 1248 volumen
554 1194 583 1247 et
606 1187 830 1268 prophetarum,
857 1188 928 1249 licet
949 1206 997 1248 me
1021 1186 1143 1248 ahsente

131 1279 304 1358 decursum,
332 1295 386 1337 sua
411 1283 511 1336 tamen
538 1294 609 1336 cura
632 1294 779 1356 manuque
802 1277 839 1337 de
863 1278 1054 1356 supervacuis
1078 1294 1144 1336 sen-

129 1369 233 1427 tentiis
261 1365 464 1447 eruderatum,
494 1383 549 1426 nec
577 1383 696 1443 semper
722 1365 772 1424 illo
802 1372 906 1426 contra
932 1365 1061 1446 legente,
1092 1367 1144 1445 qui
1158 1384 1185 1424 ro

130 1457 309 1534 promiserat
331 1472 452 1533 operam
475 1471 570 1535 suam3
594 1454 693 1534 credo,
717 1456 786 1532 qula
803 1454 961 1515 infirmitas
980 1455 1071 1514 suerit
1089 1456 1143 1514 im-

130 1544 315 1624 pedImento,
348 1545 506 1622 quominus
533 1541 664 1622 pollicita
693 1542 862 1622 compleret.
916 1541 945 1604 2.
973 1549 1078 1623 restat,
1110 1550 1144 1604 ut

129 1632 295 1693 exhortatio
322 1639 420 1692 vestra
447 1627 499 1692 seu
527 1633 647 1710 sponsio
676 1630 817 1692 famulum
840 1634 884 1692 sle
906 1631 953 1691 vel
976 1631 1144 1692 studentem

129 1720 248 1804 placere
270 1720 316 1781 vel
339 1723 480 1781 meritum
503 1722 596 1799 gratia
619 1723 800 1799 competenti
822 1727 1044 1801 remuneretur,
1068 1738 1143 1799 quae

129 1813 234 1889 utique
257 1828 310 1888 pro
333 1809 385 1869 tali
407 1809 507 1870 lahore
532 1811 558 1869 si
581 1809 717 1890 solvitur,
740 1811 863 1888 incipiet
886 1809 922 1869 ad
945 1815 1072 1868 vestram
1096 1827 1143 1868 re·
1157 1827 1184 1868 15

130 1900 248 1978 spicere
266 1898 442 1959 mercedem.
474 1898 525 1958 sed
546 1916 613 1958 cum
632 1898 688 1958 hoc
707 1916 761 1976 ego
781 1898 817 1957 de
838 1896 899 1957 sola
918 1899 1011 1976 gratia
1029 1915 1144 1978 precer,

129 2005 182 2048 vos
206 1987 276 2067 quid
300 1994 451 2048 mereatur
474 1989 606 2067 aspicite,
630 2005 719 2066 quem
737 1993 852 2048 constat
870 1987 1008 2047 allectum
1031 1986 1145 2046 domini

129 2079 224 2154 magis
247 2075 360 2137 ambire
384 2094 472 2155 quam
495 2079 673 2154 praemium:
705 2075 778 2138 vale.

592 2300 680 2367 XVI.

263 2422 429 2479 SIDONIUS
447 2422 690 2478 PAPIANILLAE
709 2423 802 2478 SUAE
823 2423 1003 2480 SALUTEM.

197 2533 225 2599 1.
248 2537 386 2598 Ravenna
408 2539 531 2597 veniens
555 2543 695 2615 quaestor
717 2536 897 2617 Licinianus,
921 2556 989 2598 cum
1011 2540 1141 2617 primum
1157 2559 1182 2599 20

128 2629 226 2707 tetigit
248 2626 319 2706 alpe
342 2628 518 2686 transmissa
529 2624 646 2702 Ualliae
670 2625 775 2706 solum,
798 2625 913 2686 litteras
932 2626 1074 2686 adventus
1094 2629 1142 2687 sui

128 2717 262 2796 praevias
280 2717 371 2796 misit,
390 2714 497 2794 quibus
516 2714 627 2775 iudicat
646 2733 759 2775 essese
779 2713 914 2793 gerulum
929 2713 1142 2795 codicillorum,

127 2824 255 2885 quorum
278 2807 310 2865 in
333 2804 461 2864 adventu
484 2803 569 2864 fratri
593 2805 681 2863 etiam
703 2810 755 2864 tuo
778 2793 915 2884 Ecdicio,
939 2805 1025 2863 ouius
1049 2821 1141 2883 aeque

128 2895 222 2955 titulis
246 2913 280 2955 ac
303 2895 378 2954 meis
401 2892 521 2974 gaudes,
548 2892 643 2952 honor
665 2894 808 2971 patricius
832 2892 953 2973 accedit,
977 2890 1143 2973 celerrime,

126 2986 155 3043 si
178 2985 289 3062 cogites
308 2985 373 3043 elus
392 2988 527 3063 aetatem,
550 2983 577 3042 si
599 2983 714 3063 merita,
736 2981 914 3042 tardissime.
947 2998 1073 3059 namque
1091 2979 1141 3040 ille
1156 3001 1184 3042 as

127 3160 210 3221 lance
230 3161 333 3220 sedin
352 3163 425 3241 acie,
448 3161 654 3238 aerariumque
672 3158 826 3239 publicum
847 3160 911 3237 lpse
930 3159 1062 3238 privatus
1081 3177 1142 3219 non

125 3250 262 3328 pecuniis
286 3250 338 3310 sed
366 3247 514 3309 manubiis
542 3247 740 3327 locupletavit.
786 3244 814 3308 2.
838 3248 895 3308 hoc
916 3255 1017 3308 tamen
1040 3255 1141 3308 sancte

129 3418 205 3488 quod
216 3419 254 3474 M
256 3420 325 3486 PF,
344 3437 408 3474 oum
420 3420 461 3490 011
476 3425 491 3474 2
511 3421 639 3473 nostrum
652 3419 711 3474 ET
723 3425 748 3475 et
761 3422 842 3484 (corr.
857 3420 889 3474 iu
902 3419 1027 3474 veshrum
1040 3418 1141 3489 Nun,

127 3491 250 3545 vesorum
269 3492 307 3546 M
310 3489 334 3546 O
343 3494 384 3560 14
402 3493 431 3545 te
453 3492 512 3546 secl.
533 3491 710 3560 Luetjohono
722 3493 762 3560 118
782 3492 811 3545 et
829 3490 961 3545 volumen
980 3489 1032 3558 Fl
1048 3495 1082 3543 14
1099 3505 1142 3544 re·

127 3564 255 3618 muneret
276 3563 302 3616 T
312 3566 322 3634 11
337 3567 370 3617 15
390 3562 427 3616 ad
445 3562 516 3631 LN,
533 3579 594 3632 coep.
615 3563 660 3630 T¹,
679 3580 728 3618 om.
748 3562 786 3617 M
790 3562 813 3617 O
823 3564 832 3632 11
847 3569 879 3616 21
900 3561 999 3631 attigit
1019 3561 1062 3630 011
