2614 4030
323 193 490 250 SIDONIUS
508 191 662 247 DOMITIO
682 190 750 246 SUO
769 189 945 246 SALUTEM.
1099 189 1141 254 35

131 349 158 409 si
185 345 278 406 ilabra
305 361 446 424 posuere3
474 344 500 403 si
528 341 616 403 turbo
644 342 796 402 austrInus
823 341 984 421 insorduit,
1013 343 1142 401 immane

130 436 289 515 turgescit,
316 435 358 494 ita
384 440 418 493 ut
434 431 584 492 arborum
612 432 718 510 comis,
746 448 819 508 quae
843 432 970 509 margini
992 431 1142 509 insistunt,

132 526 318 604 superiectae
342 522 507 601 asperginis
531 521 630 600 lragor
652 518 784 598 impluat.
823 517 955 598 tuipse
979 526 1077 580 autem
1097 537 1142 579 se-

130 612 262 675 cundum
280 628 436 672 mensuras
455 609 643 689 quesierunt
661 610 794 669 nauticas
809 611 840 668 in
859 608 963 669 decem
981 615 1010 669 et
1029 614 1142 688 septem

130 701 227 763 stadia
253 699 402 780 procedit,
433 698 522 759 fluvio
554 699 695 778 intratuS,
727 699 779 776 qui
809 696 977 758 salebratim
1005 715 1142 758 saxorum
1169 707 1184 749 ⁵

130 789 268 852 obicibus
287 789 426 849 affractus
445 805 585 866 spumoso
604 788 734 847 canescit
753 786 883 866 impulsu
901 794 932 847 et
949 805 1004 847 nec
1023 787 1143 866 longum

130 878 262 959 scopulis
288 875 501 957 praecipitibus
524 882 679 956 exemptus
702 874 768 936 lacu
791 876 941 956 conditur,
970 893 1058 954 quem
1081 875 1142 936 sors

130 968 195 1030 luat
213 985 251 1028 an
269 969 403 1026 incurrat
422 983 458 1025 an
477 965 573 1045 iaciat,
594 966 738 1044 praeterit
757 972 846 1046 certe,
870 970 988 1025 coactus
1006 982 1061 1044 per
1080 964 1142 1025 cola

130 1056 326 1118 subterranea
354 1053 514 1134 deliquari,
540 1072 601 1114 non
628 1062 662 1115 ut
688 1052 842 1134 ssucthus,
869 1052 921 1113 sed
948 1060 982 1113 ut
1009 1052 1142 1132 piscibus

131 1150 360 1226 pauperaretur;
393 1145 444 1223 qui
471 1142 583 1222 repulsi
609 1145 641 1202 in
669 1144 816 1222 gurgitem
847 1143 1011 1223 pigriorem
1038 1159 1142 1203 carnes
1158 1161 1183 1200 ro

130 1233 238 1296 rubras
267 1232 341 1292 albis
369 1230 576 1293 abdominibus
604 1231 780 1292 extendunt:
809 1233 850 1292 ita
877 1229 936 1291 illis
966 1249 1021 1292 nec
1045 1231 1143 1291 redire

132 1321 303 1384 valentibus
326 1339 382 1381 nec
405 1323 486 1380 exire
509 1322 664 1400 permissis
686 1320 833 1400 quendam
852 1323 951 1382 virum
970 1327 1000 1380 et
1018 1322 1144 1381 circum·

132 1412 268 1473 latieium
295 1427 446 1470 carcerem
471 1408 654 1488 corpulentia
677 1410 755 1470 facit.
803 1407 853 1472 18.
876 1410 958 1470 lacus
980 1411 1058 1490 ipse,
1086 1428 1144 1489 qua

132 1501 246 1581 dexter,
270 1501 382 1560 incisus
401 1498 551 1559 flexuosus
570 1516 813 1579 nemorosusque,
836 1518 894 1578 qua
913 1497 1021 1580 laevus,
1039 1505 1143 1578 patens

132 1588 279 1650 herbosus
302 1586 442 1666 aequalis.
481 1605 592 1666 aequor
615 1587 650 1648 ab
670 1587 768 1648 birico
787 1587 881 1648 viride
899 1605 954 1666 per
972 1587 1051 1668 litus,
1075 1589 1143 1666 quia
1157 1603 1183 1646 15

130 1681 163 1758 in
183 1677 292 1739 amdam
311 1675 414 1738 lronde
433 1684 570 1756 porrecta
584 1683 617 1737 ut
635 1677 749 1756 glareas
764 1695 847 1759 aqua,
871 1678 914 1737 sic
929 1694 1020 1755 aquas
1040 1676 1143 1737 umbra

132 1766 293 1847 perfundit.
325 1765 496 1827 huiusmodi
519 1765 648 1826 colorem
671 1765 707 1826 ab
727 1766 840 1826 oriente
863 1784 917 1844 par
936 1764 1075 1826 silvarum
1094 1783 1142 1826 co-

131 1873 205 1916 rona
230 1856 390 1916 continuat.
435 1872 490 1934 per
512 1853 652 1915 Arctoum
674 1854 752 1915 latus
775 1862 808 1915 ut
829 1853 933 1934 pelago
957 1861 1076 1935 natura,
1100 1854 1143 1914 sic

134 1945 259 2024 species.
306 1961 321 2003 a
346 1942 479 2022 Zephyro
502 1942 637 2022 plebeius
665 1951 694 2004 et
720 1944 931 2005 tumultuarius
959 1943 1057 2006 frutex
1084 1942 1139 2002 lre·

134 2040 320 2113 quenterque
343 2030 510 2092 lemborum
534 2031 774 2112 superlabentum
797 2031 979 2112 ponderibus
1003 2031 1142 2114 inilexus3
1156 2050 1182 2089 ro

133 2123 213 2183 bunc
250 2123 331 2182 circa
366 2119 472 2181 lubrici
511 2123 677 2200 scirporum
713 2124 784 2182 cirri
815 2120 963 2202 plicantur
996 2120 1143 2200 simulque

132 2213 261 2290 pingues
279 2209 414 2270 ulvarum
432 2211 556 2289 paginae
576 2217 678 2270 natant
697 2210 878 2290 salicumque
897 2210 1066 2289 glaucarum
1085 2211 1144 2271 lota

132 2317 253 2379 semper
276 2297 412 2360 dulcibus
436 2300 521 2378 aquis
545 2299 716 2361 amaritudo.
756 2297 806 2362 19.
830 2303 861 2360 in
884 2300 981 2360 medio
1004 2299 1144 2379 profundi

132 2387 234 2449 brevis
257 2387 365 2469 insula,
387 2386 440 2448 ubi
464 2405 552 2467 supra
575 2387 702 2449 molares
726 2389 900 2450 naturaliter
918 2396 1071 2469 aggeratos
1090 2406 1144 2468 per

131 2479 329 2556 impactorum
344 2484 453 2556 puncta
467 2494 618 2537 remorum
631 2477 783 2539 navalibus
797 2481 868 2539 trita
883 2480 962 2558 gyris
981 2486 1060 2539 meta
1075 2495 1143 2556 pro·
1157 2491 1183 2533 ra

132 2565 260 2647 tuberat,
283 2565 319 2626 ad
344 2583 432 2645 quam
452 2583 484 2626 se
503 2565 631 2627 iucunda
650 2566 805 2627 ludentum
823 2567 974 2646 naufragia
993 2566 1142 2627 collidunt.

129 2673 199 2715 nam
230 2656 323 2715 moris
350 2656 417 2715 istic
445 2655 501 2714 fuit
525 2653 692 2715 senioribus
720 2657 831 2716 nostris
854 2673 978 2735 agonem
1001 2653 1142 2735 Drepani·

129 2750 233 2805 tanum
251 2742 395 2804 Troianae
420 2745 640 2823 superstitionis
663 2746 782 2805 imitari.
815 2746 873 2805 iam
893 2763 962 2805 vero
982 2763 1051 2823 ager
1070 2746 1143 2824 ipse,

130 2850 309 2911 quamquam
337 2832 393 2892 boc
424 2850 512 2911 supra
540 2831 687 2914 debitum,
719 2833 844 2894 diffusus
876 2835 908 2893 in
936 2832 1018 2894 silvis
1045 2834 1143 2912 pictus

129 2923 161 2981 in
183 2922 291 3001 pratis,
318 2939 481 3000 pecorosus
508 2923 540 2981 in
567 2924 686 3001 pascuis
713 2924 745 2982 in
772 2921 941 3002 pastoribus
964 2921 1141 3001 peculiosus.
1156 2937 1184 2977 eo

131 3007 184 3070 20.
210 3009 262 3070 sed
285 3027 346 3071 non
369 3009 495 3089 ampbus
513 3028 622 3091 moror,
645 3029 692 3090 ne,
717 3013 742 3070 si
764 3010 881 3089 longior
900 3010 967 3071 stilo
986 3004 1144 3090 terminus,

130 3096 314 3177 relegentem
346 3105 376 3158 te
409 3105 568 3160 autumnus
598 3101 736 3160 inveniat.
787 3099 912 3178 proinde
940 3100 1014 3159 mihi
1045 3098 1143 3159 tribue

131 3187 271 3248 veniendi
294 3187 477 3248 celeritatem
501 3181 583 3272 (uam
607 3188 752 3249 redeundi
770 3205 883 3248 moram
901 3186 957 3248 tibi
975 3190 1039 3267 ipse
1058 3205 1143 3267 prae·

203 3418 219 3467 b
238 3411 360 3466 iubatus
380 3413 449 3482 LN,
468 3412 591 3467 intratur
609 3414 665 3482 (vel
683 3414 729 3468 tus
747 3431 768 3469 s.
784 3415 801 3470 l.
821 3415 884 3470 odd.
899 3411 1038 3484 M¹)MO,
1057 3411 1143 3466 intre-

130 3485 178 3537 tus
198 3500 268 3539 corr.
283 3485 314 3538 iu
333 3483 454 3538 intretur
469 3485 505 3538 pn
519 3487 528 3555 I
543 3489 558 3538 'l
577 3485 634 3540 fors
649 3485 711 3540 fuet
725 3486 795 3553 ΒΝ,
813 3484 919 3541 forfuat
932 3486 1001 3554 Mc,
1022 3483 1144 3538 confluat

132 3554 159 3610 T
169 3556 210 3625 118
230 3557 281 3608 eut
298 3554 388 3611 faciet
407 3556 433 3609 Τ
444 3559 453 3626 ΙΙ
467 3562 500 3611 26
519 3556 669 3626 naufragia
686 3556 832 3612 ludentum
853 3557 877 3613 0
886 3561 896 3628 I

946 3648 984 3700 3*
