2614 4030
206 203 293 260 XLIV
604 201 817 258 PRAEFATIO.

205 353 333 413 admissa
356 359 478 432 apparet
501 369 588 431 quam
616 350 819 412 membrorum
841 352 1047 411 convenientia
1076 353 1107 411 in
1130 371 1165 410 v.
1190 348 1241 414 82

204 448 324 521 praeter
348 441 593 503 consuetudinem
617 440 764 521 neglecta,
793 441 892 518 quiuis
916 441 995 500 enim
1019 448 1049 500 et
1071 438 1238 500 Romano·
1265 429 1266 460 ³

204 549 271 592 rum
295 537 325 590 et
346 530 477 591 hostium
500 529 626 590 ducibus
654 547 713 589 uon
742 547 809 610 sex,
837 528 889 588 sed
917 531 1049 608 quinque
1078 528 1237 590 vocabula

205 619 404 698 respondeant
426 636 549 679 neeesse
574 626 628 679 est.
665 617 785 678 Accedit
804 617 876 680 illud
895 620 993 698 etiam,
1017 618 1097 696 quod
1121 637 1236 694 reqnu
1266 614 1267 708 l

206 710 249 768 sic
273 707 406 768 absolute
430 709 558 787 positum
582 709 715 786 ineptum
739 712 792 767 est.
812 705 923 777 quod
942 707 1085 768 mendum
1103 714 1235 768 utcum-
1266 775 1267 780 .

206 815 264 875 quo
287 795 391 856 tollore
415 803 540 858 conatus
558 800 665 873 patria
688 813 787 871 repca
810 796 917 874 scripsi
941 788 1172 879 (alvarum.
1197 795 1235 875 V,

207 887 236 967 1,
256 879 304 968 9);
329 903 506 964 quamquam
529 887 619 945 etiam
642 889 672 946 in
696 892 765 944 ante
788 903 886 960 repca
909 883 978 945 addi
1000 891 1101 963 potest
1122 879 1179 967 (of.
1204 903 1233 944 c.

205 975 237 1056 V,
259 972 301 1036 75
331 978 362 1035 lu
390 992 517 1050 reanum
545 966 660 1054 rediit).
687 1007 727 1015 -
750 972 792 1033 lb.
814 970 877 1035 126
906 972 942 1034 de
968 973 1110 1049 fortuna,
1141 973 1232 1052 quod
1267 962 1268 1050 l

206 1083 260 1143 ego
294 1080 411 1142 quoque
443 1062 578 1123 codicum
607 1061 714 1122 CPTF
747 1064 912 1141 scripturae
939 1069 1055 1122 notura
1082 1061 1233 1142 praetuli,
1267 1055 1268 1072 ¹

206 1153 241 1214 cl.
256 1152 341 1230 Verg.
356 1152 426 1212 hen.
446 1151 494 1232 XI,
507 1149 564 1232 433
587 1150 704 1211 Petron.
723 1170 751 1230 p.
769 1149 840 1231 160,
856 1147 930 1229 8sq.
950 1143 1010 1234 (ed.
1030 1145 1230 1234 Buecheler).

207 1276 248 1284 -—
272 1241 313 1301 lh.
336 1237 399 1302 135
432 1242 458 1300 si
491 1240 563 1319 quid
596 1239 769 1300 mutandum
801 1246 860 1320 est,
891 1238 992 1300 malim
1024 1243 1150 1301 detersa
1185 1259 1230 1300 ac

206 1340 349 1403 mentem·
372 1328 408 1390 de
426 1328 529 1390 vocula
548 1348 586 1390 ac
604 1329 769 1407 postposita
789 1328 824 1388 cf.
839 1347 863 1388 c.
879 1327 937 1409 Vll,
950 1324 1025 1389 491.
1041 1362 1083 1370 -
1098 1327 1140 1390 lh.
1159 1324 1229 1390 185

207 1419 281 1480 addo
303 1417 437 1494 fremens
460 1419 520 1478 iam
543 1419 574 1478 in
598 1417 727 1478 editione
751 1416 964 1479 Mediolanensi
988 1436 1012 1477 a.
1033 1413 1120 1479 1498
1145 1435 1227 1478 esse.

207 1542 249 1550 —-
273 1507 313 1566 lh.
334 1503 400 1570 200
431 1525 510 1567 nunc
542 1514 641 1566 tamon
674 1506 785 1566 codicis
813 1506 835 1567 C
867 1505 914 1566 vel
944 1508 1043 1585 potius
1067 1505 1225 1567 sirmondi

206 1597 366 1658 lectionem
384 1595 585 1675 recipiendam
604 1613 670 1655 esso
690 1597 792 1675 statui3
811 1595 848 1655 de
863 1597 1084 1675 praepositione
1104 1613 1125 1656 α
1139 1597 1226 1655 simi-

208 1686 275 1747 liter
299 1693 440 1763 usurpata
469 1685 505 1745 ci.
525 1703 569 1764 ep.
589 1683 615 1764 l,
633 1680 669 1764 4,
688 1682 722 1764 2;
749 1683 775 1764 Ι,
796 1682 824 1765 l,
844 1682 877 1765 2;
906 1704 930 1744 c.
949 1683 1012 1764 Vll,
1031 1680 1097 1746 298
1118 1683 1154 1744 al.
1181 1717 1226 1725 —

207 1774 247 1836 lh.
264 1772 329 1836 224
347 1792 402 1854 pro
421 1777 539 1853 animis,
558 1773 637 1851 quod
656 1791 753 1851 nequo
773 1791 840 1834 oum
859 1771 1106 1852 praecedentibus
1121 1773 1224 1833 verbis

207 1882 303 1942 neque
333 1881 401 1924 cum
430 1861 622 1939 sequentibus
650 1870 717 1941 apte
745 1861 896 1942 cohaeret,
924 1864 1032 1941 scripsi
1054 1865 1154 1923 nimis.
1180 1896 1224 1903 —

206 1953 248 2014 lh.
277 1949 343 2014 245
376 1950 593 2010 Wilamowitzii
626 1952 826 2012 coniecturam
854 1955 1002 2027 periuros
1034 1953 1144 2030 recepi.
1180 1985 1223 1992 -

206 2041 247 2101 lh.
267 2039 333 2102 274
356 2040 421 2100 loco
444 2041 494 2120 ita,
521 2047 554 2100 nt
576 2039 703 2101 traditus
727 2048 781 2120 est,
810 2047 890 2100 certe
918 2047 1058 2119 corrupto
1083 2058 1167 2115 prae
1190 2059 1223 2100 se

207 2131 325 2209 scripsi,
348 2147 423 2206 quae
447 2130 592 2189 correctio
615 2127 766 2189 lenissima
786 2135 839 2189 est.
859 2162 907 2185 —.
920 2127 961 2188 lh.
982 2125 1048 2190 324
1069 2127 1130 2188 heo
1151 2147 1223 2189 con·
1270 2121 1271 2164 l

207 2219 289 2279 iecit:
319 2219 488 2278 Bructerus
511 2221 615 2279 ulvosa
638 2236 725 2292 quem
748 2222 862 2292 celiaer
890 2211 946 2300 (sc.
969 2210 1105 2299 Rhenus)
1131 2221 1222 2279 alluit

207 2310 300 2368 undu.
347 2305 449 2384 Neque
472 2312 571 2366 tamen
594 2306 649 2367 hac
673 2308 834 2367 mutatione
859 2325 933 2385 opus
957 2324 1023 2366 esso
1042 2306 1170 2386 videtur,
1194 2308 1221 2366 si

209 2397 393 2456 enuntiatum
425 2393 580 2456 relativum
613 2395 648 2455 ad
681 2397 823 2456 Francus
854 2395 975 2456 reseras
1009 2429 1051 2436 —
1083 2394 1124 2455 lh.
1154 2393 1220 2456 332

210 2486 328 2559 Hence,
362 2485 419 2544 etsi
449 2487 556 2544 ceteris
585 2483 722 2544 omnihus
750 2483 823 2544 locis
851 2484 991 2545 Sidonius
1021 2502 1072 2544 eos
1101 2483 1221 2544 Chunos

209 2572 345 2654 appellat,
368 2579 482 2634 mutare
506 2572 597 2654 nolui,
621 2575 760 2652 quoniam
779 2572 957 2634 Claudianus
982 2591 1109 2652 quoque,
1131 2581 1221 2652 prout

208 2664 332 2722 metrica
360 2663 435 2722 ratio
462 2660 605 2742 postulat,
637 2661 724 2722 modo
751 2662 806 2723 hac
834 2662 921 2722 modo
949 2661 999 2722 illa
1026 2661 1119 2722 forma
1148 2681 1220 2723 usus

208 2759 266 2831 est3
295 2768 471 2830 quamquam
494 2752 597 2829 negari
619 2753 723 2830 nequit
746 2752 871 2812 sortasse
894 2750 944 2812 illo
973 2753 1092 2812 nomine
1117 2753 1218 2828 genni-

208 2859 276 2901 nam
304 2840 462 2901 lectionem
496 2832 547 2922 (an
580 2844 680 2901 ultro?
710 2839 758 2900 vel
791 2833 904 2923 ipsos?)
938 2847 1114 2900 summotum
1145 2858 1218 2900 esse.

208 2928 302 2990 Leoni
331 2931 422 2990 satius
450 2928 567 2990 videtur
595 2947 663 2990 oum
687 2928 715 2988 M
742 2927 855 3008 legere:
891 2931 1011 2990 Chunus
1040 2933 1099 2990 iam
1123 2947 1219 3004 prope

208 3027 398 3096 contemptos.
418 3016 520 3077 —lh
541 3015 604 3079 521
629 3020 712 3093 quod
733 3019 853 3099 scripsi3
878 3019 912 3078 cl.
933 3034 1022 3096 supra
1043 3037 1068 3077 v.
1088 3014 1162 3080 495.
1178 3051 1217 3059 —

208 3105 249 3166 lh.
273 3126 402 3182 numque
426 3109 497 3167 satis
520 3109 629 3168 mirum
654 3113 712 3186 est3
736 3108 795 3166 nisi
814 3106 889 3167 forte
909 3107 988 3167 idem
1007 3105 1104 3166 valere
1123 3114 1219 3185 potest

209 3195 288 3274 quod
320 3199 441 3270 etenim,
474 3204 504 3256 et
534 3214 606 3257 vero
639 3191 712 3255 ‘und
744 3192 897 3256 wirklich.'
951 3194 993 3255 uf.
1018 3193 1109 3256 Hilar.
1135 3201 1170 3256 tr.
1196 3215 1217 3257 s

208 3281 457 3365 psalmp242,
480 3280 527 3345 14.
550 3317 594 3326 -
621 3283 662 3345 lb.
682 3279 747 3346 546
771 3303 808 3344 an
835 3287 938 3347 orbem
967 3287 1022 3346 eho
1049 3291 1098 3344 sat
1122 3289 1219 3361 potuit

210 3372 401 3433 scribendum
424 3369 491 3433 est?
512 3387 554 3415 -’
573 3372 613 3432 lh.
635 3369 700 3434 560
723 3391 779 3435 nec
802 3375 923 3452 reposui
946 3391 1001 3453 pro
1024 3371 1140 3451 vulgata
1162 3373 1217 3434 lec-

210 3464 290 3522 tione
320 3481 358 3522 ηε
389 3455 462 3544 (neu
490 3455 574 3544 Leo).
600 3495 644 3504 -
671 3461 713 3521 lb.
733 3459 798 3524 580
824 3481 896 3523 nam
925 3481 980 3541 pro
1011 3466 1071 3523 iam
1100 3465 1216 3544 scripsi3

210 3551 245 3611 cl.
265 3568 363 3630 progr.
383 3548 508 3611 Lauhac.
531 3548 614 3612 1881
639 3569 667 3629 p.
688 3549 859 3612 11.-1b.
879 3548 945 3614 583
968 3570 1023 3631 pro
1047 3561 1076 3614 et
1099 3570 1166 3614 cum
1187 3554 1215 3612 in
