2614 4030
488 245 702 301 PRAEFATIO.
1014 249 1105 304 XXIII

76 403 271 458 monstrante
291 395 513 476 Luetjohannus
537 402 604 475 post
627 399 761 473 expetite
780 396 852 456 haec
871 395 996 457 addidit:
1020 403 1100 460 vele-

75 505 188 560 scere,
216 489 337 546 itineris
364 483 533 560 difficultas
561 488 719 562 despecta;
752 485 831 563 quod
860 485 1102 566 additamentum,

78 576 223 654 quamvis
254 577 350 653 prima
383 575 484 652 specie
513 575 700 652 ingeniosum
729 591 794 634 esse
822 573 970 655 videatur,
1001 582 1101 636 tamen

79 681 193 742 reapse
207 662 426 743 perabsurdum
447 680 513 722 esse
532 660 579 722 vel
598 681 634 722 ex
652 665 717 741 ipso
733 665 885 723 enuntiato
901 662 1100 741 subsequente

81 759 224 832 apparet,
248 769 316 812 nam
334 769 395 812 non
414 769 596 827 quamquam
614 751 773 812 dicendum
792 759 863 831 erat,
888 751 939 811 sed
958 757 1101 827 quoniam

81 841 133 901 vel
155 839 265 902 melius
288 842 378 900 etiam
402 843 586 916 praesertim
613 858 689 901 cum.
735 839 814 901 Haec
838 842 917 900 enim
940 847 986 900 est
1009 843 1101 902 totius

81 929 145 990 loci
167 931 330 990 sententia:
361 929 501 989 Sidonius
524 928 687 1008 Apollinari
708 928 880 1008 gratulatur,
904 929 982 1008 quod
1005 932 1100 1008 ipsius

83 1017 212 1079 consilio
241 1017 401 1078 obsecutus
429 1020 487 1078 iter
517 1017 663 1096 quoddam
690 1035 799 1096 anceps
827 1017 988 1098 distulerit,
1021 1019 1100 1098 quod

84 1111 111 1167 si
134 1115 237 1168 tamen
261 1105 326 1186 ‘pro
345 1108 551 1186 intempestiva
570 1101 735 1166 devotione'
755 1108 909 1185 ingressus
928 1115 1016 1187 esset,
1038 1125 1100 1168 me-

85 1196 232 1258 tuendum
251 1196 353 1275 luisse,
372 1213 410 1255 ne
428 1203 551 1275 propter
570 1191 748 1256 ‘animorum
764 1194 971 1256 matronalium
990 1199 1100 1256 teneri-

85 1280 234 1346 tudinem'
263 1282 444 1344 sollemnitas
473 1286 602 1363 expetita
633 1283 801 1365 vilesceret,
834 1302 1011 1362 quamquam
1039 1279 1101 1368 (est

87 1375 178 1453 igliur
210 1373 284 1434 baec
317 1375 510 1433 correctionis
538 1372 584 1433 vel
612 1375 807 1434 revocationis
836 1373 930 1451 figura
957 1375 1000 1433 sio
1029 1392 1098 1435 saue

88 1456 255 1546 aptissima)
279 1461 359 1543 illae,
388 1464 413 1522 si
437 1461 508 1540 quid
532 1479 619 1522 secus
642 1461 790 1522 viantibus
813 1461 982 1542 accidisset,
1011 1461 1099 1523 lacta·

87 1560 171 1613 turae
196 1552 309 1612 luerint
332 1569 364 1611 se
387 1548 531 1610 tolerasse
554 1553 735 1630 martyrium.
776 1550 820 1610 Ex
844 1550 899 1610 hac
921 1552 1099 1629 interpreta-

88 1644 167 1702 tione
193 1640 223 1700 id
247 1658 365 1720 quoque
389 1639 518 1700 efficitur
540 1644 693 1721 timeretis,
719 1638 798 1718 quod
821 1638 907 1718 paulo
931 1645 998 1699 ante
1022 1640 1098 1700 qu

88 1737 139 1811 est,
158 1733 261 1808 inepte
281 1728 490 1808 interpolatum
510 1746 588 1809 esse3
612 1745 680 1788 nom
694 1730 726 1788 in
743 1746 778 1788 eo
792 1729 858 1807 ipso
873 1729 970 1786 omnis
985 1727 1099 1789 Sidonii

88 1818 257 1880 sollicitudo
279 1816 457 1898 vertebatur,
486 1817 563 1895 quod
586 1816 745 1896 metuebat,
773 1833 810 1876 ne
833 1814 1011 1893 Apollinaris
1033 1819 1098 1895 ipse

87 1927 138 1987 pro
165 1909 256 1968 nimia
281 1908 439 1966 securitate
468 1913 636 1985 contempto
659 1903 792 1985 periculo
820 1903 1011 1964 mulierculas
1039 1923 1100 1965 non

89 2000 151 2058 sine
177 2013 265 2056 causa
289 1997 390 2055 anxias
414 1994 450 2054 ad
473 1995 531 2054 iter
554 1993 627 2055 illud
647 1994 812 2055 induceret.
833 2026 874 2034 —
894 1992 939 2074 IV,
960 1990 1027 2073 tt
1051 2013 1097 2054 re·

89 2087 173 2146 stitui
202 2085 442 2156 retractationem
475 2083 512 2144 oi.
535 2101 580 2162 ep.
604 2083 629 2164 l,
653 2081 687 2164 9,
711 2080 739 2145 5.
765 2080 912 2144 -1h.3
944 2084 1020 2142 mira
1053 2091 1098 2144 est

89 2173 198 2235 locutio
222 2175 320 2248 qualis
343 2175 407 2248 ipsc
429 2181 619 2247 quantosque
641 2181 697 2246 est,
726 2190 794 2233 cum
821 2177 975 2251 exspectes
999 2176 1099 2247 quotis

91 2267 151 2339 ipse
180 2279 308 2336 cumque
335 2267 526 2335 quantusque
553 2268 598 2322 est
624 2260 683 2344 vel,
714 2261 792 2339 quod
816 2258 1037 2338 Luetjobannus
1066 2263 1098 2320 io

90 2351 276 2411 adnotatione
299 2349 447 2429 proponit,
470 2351 569 2423 quotis
592 2353 655 2426 ipse
678 2358 868 2425 quantusque
887 2367 1014 2424 cumque
1038 2358 1098 2420 est:

91 2442 146 2500 ulsi
169 2440 245 2499 iorte
268 2444 406 2517 putamus
430 2440 529 2512 qualis
557 2446 746 2513 quantusque
773 2437 915 2517 paulatim
938 2439 978 2497 ita
1002 2437 1098 2498 coalu-

91 2531 148 2590 isse
180 2522 231 2611 (ol.
255 2527 377 2587 Bonuet.
402 2524 419 2586 l.
445 2525 463 2585 l.
487 2544 515 2605 p.
535 2523 587 2605 69,
608 2524 639 2607 13
664 2520 752 2610 728),
784 2534 818 2586 ut
849 2529 881 2586 in
913 2533 1097 2586 constantem

93 2633 264 2696 semperque
296 2614 511 2676 immutabilem
541 2612 720 2676 locutionem
747 2615 860 2675 abierit.
890 2649 931 2657 --
960 2613 1005 2694 IV,
1024 2612 1097 2694 8‚3

92 2715 216 2781 eratque
246 2706 294 2764 vix
322 2711 367 2764 est
398 2705 613 2784 necessarium,
645 2723 741 2783 neque
773 2705 867 2782 magis
895 2702 933 2763 ib.
958 2701 978 2764 5
1007 2713 1097 2765 conto

94 2793 284 2873 probaverim.
309 2828 351 2835 —
375 2793 420 2873 lV,
439 2789 506 2872 9,1
536 2795 608 2852 item
635 2801 668 2854 ut
694 2793 739 2873 IV,
760 2790 800 2854 13
829 2796 918 2852 inser.
948 2785 1037 2875 (quae
1065 2794 1097 2852 in

92 2883 116 2942 L
137 2876 232 2966 deest)
257 2890 360 2942 eontra
377 2880 591 2941 Mommsenum
614 2882 714 2943 Vectio
734 2875 793 2964 (sic
812 2879 936 2960 NVMT,
963 2881 1099 2942 Vectiooi

94 2971 128 3053 C,
158 2973 250 3033 Vettio
272 2963 310 3054 t)
332 2972 451 3031 retinui.
475 3004 517 3012 -
545 2969 586 3029 lb.
611 2970 733 3030 distinxi
755 2972 837 3031 serui
858 2972 946 3029 utiles
974 2966 1099 3041 (rustici

61 3073 63 3078 ·
94 3064 243 3136 morioeri,
266 3061 380 3120 urbani
402 3063 495 3120 amici
517 3061 706 3120 oboedientes
725 3065 917 3134 patronoque
940 3062 1097 3134 contenti).

95 3149 192 3210 Restat
211 3156 311 3210 tamen
340 3147 437 3226 aliqua
461 3146 605 3208 dubitatio
630 3147 666 3206 de
689 3146 787 3206 verbis
813 3155 1006 3222 patronoque
1029 3149 1096 3225 (pu-

96 3246 266 3314 trooumque
289 3239 365 3297 miro
390 3255 490 3296 errore
514 3230 552 3319 L)
576 3239 725 3306 contenti;
753 3253 834 3315 uam,
863 3242 1005 3312 quantum
1027 3237 1097 3316 vidi,

97 3329 207 3406 patroni
237 3344 345 3387 nomen
378 3325 455 3404 apud
488 3325 642 3385 Sidonium
675 3341 776 3406 saepe,
803 3326 838 3405 ⁴si
870 3323 907 3383 de
939 3324 1096 3386 clientibus

98 3419 194 3496 agitur,
217 3417 243 3475 si
265 3415 302 3476 de
326 3417 429 3493 servis,
454 3430 614 3492 numquam
633 3420 795 3492 usurpatur
814 3406 864 3497 (ci.
885 3430 929 3492 ep.
945 3413 976 3493 V,
997 3412 1046 3494 19,
1064 3418 1096 3494 13

98 3504 186 3586 v1,o;
209 3501 367 3585 V11,2,9;
390 3502 448 3582 Vll,
470 3501 520 3583 17,
543 3497 589 3583 1);
616 3503 674 3561 nisi
697 3501 851 3581 Sidonius,
879 3505 946 3579 quia
970 3503 1097 3563 urbano·

99 3613 157 3656 rum
178 3611 328 3654 servorum
352 3592 488 3653 condicio
507 3591 599 3652 multo
618 3589 724 3651 melior
743 3599 773 3651 et
791 3591 914 3651 liberior
933 3599 1004 3671 erat,
1029 3591 1095 3651 ideo
