2580 4042
160 203 225 270 350
529 201 681 260 CARMEN
700 203 800 257 XXIII.

247 366 300 417 450
320 362 349 414 at
372 354 500 414 sidicat
523 373 594 434 epos
617 361 805 432 metrumque
829 352 975 432 rhythmis

318 442 417 503 flectat
440 445 623 504 commaticis
646 448 766 502 tonante
790 440 913 521 plectro,

318 532 487 593 mordacem
511 532 598 592 iaciat
621 530 710 592 silere
732 528 879 611 Flaccum,

318 623 451 700 quamvis
475 628 543 700 post
565 623 671 681 satiras
694 618 846 699 lyramque
869 619 971 680 tendat

317 709 367 770 ille
391 709 427 770 ad
449 708 639 771 Pindaricum
661 708 760 770 volare
784 702 939 791 cygnum);

247 812 298 861 455
320 817 373 860 seu
396 816 459 880 nos,
482 797 594 879 Magne,
617 805 687 858 tuus
710 797 792 857 lavor
813 796 942 879 tenebat,

318 886 419 948 multis
442 887 575 966 praedite
599 886 718 947 dotibus
742 887 882 967 virorum,

316 977 420 1058 lorma,
442 975 604 1056 nobilitate,
627 981 736 1055 mente,
759 992 851 1034 censu

317 1059 417 1149 (cuius
441 1067 467 1126 si
490 1066 586 1125 varios
610 1082 675 1124 earn
698 1081 752 1142 per
775 1071 867 1144 actus,

317 1160 437 1214 centum
461 1161 490 1214 et
513 1154 610 1214 ferrea
633 1153 724 1213 lasset
747 1170 799 1212 ora
821 1150 916 1233 laude,

246 1257 297 1307 460
316 1249 464 1324 constans,
487 1244 660 1321 ingeniosus
683 1241 855 1321 efficaxque,

315 1331 447 1411 pmdens
470 1331 590 1412 arbiter,
613 1332 742 1410 optimus
765 1331 960 1412 propinquus,

314 1420 357 1480 nil
380 1420 519 1481 fraudans
544 1421 624 1499 genii
648 1419 705 1480 sibi
727 1418 774 1478 vel
795 1417 849 1478 ulli

314 1527 467 1590 personas,
490 1508 563 1589 loca,
585 1516 703 1588 tempus
726 1501 897 1590 intuendo),

315 1616 368 1658 seu
391 1616 446 1658 nos
469 1600 544 1658 atria
567 1605 664 1659 vestra
687 1595 887 1678 continebant,

243 1685 484 1751 rachanellae
508 1705 601 1768 meus,
623 1688 720 1766 perite
743 1684 842 1764 legum

315 1769 391 1859 (qui,
414 1794 503 1836 verax
526 1778 615 1836 nimis
639 1783 669 1836 et
691 1776 781 1835 nimis
806 1791 936 1855 severus,

314 1882 403 1944 asper
425 1865 557 1925 crederis
581 1883 647 1925 esse
670 1865 829 1943 nescienti,

314 1960 343 2014 at
366 1955 392 2013 si
414 1960 443 2013 te
467 1953 542 2014 bene
567 1955 715 2033 quispiam
737 1951 880 2032 probavit,

313 2043 419 2122 noscit,
442 2043 521 2120 quod
545 2040 616 2102 velit
637 2044 702 2120 ipse
726 2040 870 2122 iudicare3

242 2145 295 2195 470
314 2148 382 2191 nam
405 2148 565 2209 numquam
588 2132 696 2190 metuis
719 2130 809 2211 loqui,
834 2129 911 2208 quod
935 2147 1063 2208 aequum
1088 2138 1152 2214 est,

314 2221 339 2279 si
362 2226 392 2278 te
417 2218 494 2298 Sylla
517 2226 632 2298 premat
654 2219 795 2298 ferusque
818 2218 922 2299 Carbo,

313 2310 339 2368 si
362 2309 463 2368 tristes
487 2307 573 2368 Marii
596 2316 755 2387 trucesque
779 2307 899 2388 Cinnae,

312 2403 341 2457 et
365 2399 390 2456 si
413 2396 489 2457 forte
511 2404 596 2458 tuum
620 2403 707 2476 caput
730 2396 865 2475 latusque

313 2487 507 2546 circumstent
530 2485 619 2564 gladii
641 2479 868 2565 triumvirales),

240 2587 292 2636 476
312 2592 366 2634 seu
389 2593 443 2635 nos
466 2574 606 2654 Limpidii
629 2573 706 2635 lares
729 2573 885 2656 habebant,

312 2665 384 2724 civis
407 2664 556 2742 magnifici
578 2666 693 2742 virique
717 2665 834 2743 summi,
924 2711 943 2754 ·

309 2752 471 2813 fraternam
493 2751 569 2813 bene
593 2751 726 2830 regulam
749 2753 914 2831 sequentis,

311 2859 365 2902 seu
389 2859 444 2902 nos
468 2843 570 2901 eximii
594 2839 682 2902 simul
704 2839 825 2901 tenebat

309 2937 432 2991 nectens
456 2930 626 2990 officiositas
649 2929 764 3010 Marini,

238 3030 291 3080 480
311 3021 396 3079 curlus
420 3018 563 3079 sedulitas
587 3018 785 3097 sodalitasque

310 3114 428 3168 aeterna
452 3107 525 3167 mibi
548 3106 633 3169 laude
658 3114 727 3168 sunt
750 3105 903 3186 colendae3

310 3214 362 3256 seu
386 3214 589 3275 quoscumque
613 3196 686 3256 alios
709 3196 809 3260 ridere
833 3195 939 3254 fratres

309 3284 392 3345 cordi
415 3287 535 3364 utrique
560 3286 624 3366 luit,
647 3285 755 3363 quibus
778 3301 897 3344 vacasse

221 3424 272 3473 455
292 3419 403 3474 tenebit
424 3419 450 3474 Τ
469 3423 478 3490 ll
501 3423 666 3475 usamenta
689 3436 739 3475 om.
756 3421 781 3474 Τ
801 3422 811 3488 ll
833 3425 886 3474 464
905 3416 1093 3474 continebunt
1115 3422 1143 3476 Τ
1159 3425 1167 3494 l
1276 3459 1277 3464 ,

146 3495 199 3544 lte
214 3489 283 3558 quid
297 3492 356 3545 PT
367 3494 377 3560 [t
390 3496 442 3546 472
457 3491 585 3546 trucesre
597 3493 622 3546 Τ
633 3497 643 3562 ΙΙ
657 3496 797 3547 trs-tat
813 3507 863 3546 om.
875 3491 911 3544 T¹
926 3491 935 3559 ΙΙ
949 3495 1001 3544 lto
1015 3490 1169 3547 habebunt

149 3560 186 3614 T²
199 3563 208 3631 ΙΙ
223 3567 274 3616 482
293 3560 390 3615 videre
410 3579 462 3616 om.
475 3563 503 3616 P
514 3565 523 3632 ΙΙ
