2636 4032
133 200 197 266 102
486 200 594 255 LIBER
614 200 801 267 QUARTUS„

131 348 239 410 litteris
263 352 431 430 imperavit,
460 357 494 410 ut
516 369 563 410 me
591 358 713 429 rogante
737 351 867 411 creditor
890 360 989 413 vester
1012 353 1149 416 modicas

131 438 229 499 saltim
259 438 417 518 largiretur
444 439 582 500 indutias.
628 439 767 518 precibus
796 442 908 500 orantis
938 444 1016 503 citus
1044 447 1148 524 annui,

131 529 201 607 quia
225 546 292 588 cum
314 526 441 588 Maximo
464 528 538 588 mihi
565 547 624 589 non
647 531 769 589 notitiae
794 527 888 589 solum
913 549 1015 591 verum
1039 539 1069 591 et
1092 533 1148 592 ho-

131 618 213 695 spitii
235 622 335 676 vetera
357 619 430 677 iura.
454 618 545 696 igitur
568 617 604 677 ad
628 620 755 678 amicum
778 617 874 678 libens
895 637 931 678 ex
950 621 1057 680 itinere
1076 640 1146 700 per-

104 707 204 785 orexi,
229 723 406 784 quamquam
428 705 495 766 villa
519 725 579 766 non
601 708 703 786 paucis
725 724 831 785 aggere
850 726 867 766 a
884 707 1004 786 publico
1023 709 1146 771 milibus

131 793 256 854 abesset.
302 791 332 854 3.
355 802 389 854 ut
416 797 496 875 veni,
525 797 655 856 occurrit
681 795 755 855 milri
782 797 860 876 ipse,
888 815 977 874 quern
1005 816 1145 860 noveram

131 885 263 956 anterius
287 901 410 962 corpore
435 890 567 944 erectum
591 901 695 963 gressu
719 883 899 964 expeditum,
921 904 992 946 voce
1016 885 1146 947 liberum

130 971 204 1032 facie
228 970 390 1052 liberalem,
413 971 539 1033 multum
561 971 597 1032 ab
617 975 737 1052 antiquo
757 973 911 1033 dissimilis
931 976 1059 1036 incessu.
1091 976 1143 1036 ha-

130 1060 212 1120 bitus
230 1063 303 1142 viro,
326 1060 434 1140 gradum
453 1061 557 1142 pudor,
577 1061 657 1122 color
677 1080 773 1121 sermo
793 1060 959 1144 religiosus,
978 1070 1042 1124 tum
1061 1082 1145 1126 coma

90 1167 116 1206 ao
129 1148 237 1231 brevis,
260 1148 351 1210 barba
374 1149 497 1232 prolixa,
520 1150 652 1229 tripodes
676 1149 774 1231 sellae,
798 1149 922 1211 Cilicum
945 1151 1010 1212 vela
1028 1153 1144 1216 foribus

129 1256 271 1320 appensa,
298 1237 393 1299 lectus
421 1237 463 1298 nil
490 1239 602 1300 habens
629 1238 760 1320 plumae,
787 1257 889 1300 mensa
916 1240 959 1300 nil
981 1259 1142 1324 purpurae,

129 1326 296 1387 humanitas
324 1330 389 1407 ipsa
412 1329 455 1388 sic
483 1327 611 1406 benigna
633 1328 712 1407 quod
740 1329 831 1409 frugi,
859 1347 914 1388 nec
938 1331 978 1389 ita
1002 1330 1144 1392 carnibus

130 1414 282 1477 abundans
305 1424 339 1477 ut
361 1415 572 1498 leguminibus;
596 1424 690 1498 certe,
714 1420 739 1477 si
763 1417 835 1496 quid
858 1419 889 1477 in
913 1417 989 1478 cibis
1013 1422 1143 1500 unctius,

130 1522 190 1564 non
217 1504 275 1565 sibi
303 1505 355 1565 sed
382 1504 549 1584 hospitibus
577 1504 743 1584 indulgens.
788 1503 818 1567 4.
847 1524 915 1566 cum
942 1525 1145 1589 surgeremus,

5 1629 29 1638 -
90 1609 116 1652 15
130 1592 205 1653 clam
228 1601 387 1672 percontor
406 1593 565 1676 adstantes,
589 1594 667 1674 quod
686 1613 780 1674 genus
799 1596 876 1655 vitae
896 1596 932 1657 de
951 1596 1049 1657 tribus
1069 1600 1144 1659 arri-

129 1684 244 1760 puisset
271 1682 439 1763 ordinibus,
471 1684 648 1745 monachum
675 1691 776 1762 ageret
803 1703 841 1744 an
869 1683 1010 1745 clericum
1041 1689 1144 1765 paeni-

128 1778 287 1832 tentemne.
334 1773 475 1833 dixerunt
494 1791 591 1852 nuper
618 1775 745 1853 impacto
769 1774 934 1833 sacerdotio
958 1775 1056 1856 fungi,
1085 1794 1144 1854 quo

129 1868 315 1922 recusantem
342 1861 463 1922 factiose
491 1860 612 1940 ligasset
640 1863 752 1922 civicus
776 1880 866 1923 amor.
912 1862 977 1923 luce
1002 1863 1144 1946 revoluta,

129 1949 200 2009 dum
222 1952 309 2028 pueri
332 1949 515 2029 clientesque
540 1950 691 2029 capiendis
715 1950 890 2011 animalibus
915 1960 1145 2033 occuparentur,

89 2057 116 2096 ro
130 2045 261 2098 secretae
291 2037 507 2100 conlocutionis
535 2046 603 2118 peto
632 2041 754 2116 copiam.
804 2047 948 2119 praestat:
980 2041 1144 2120 amplector

128 2125 171 2185 nil
203 2129 373 2204 opinantem
405 2127 604 2206 gratularique
637 2145 684 2188 me
716 2131 847 2206 primum
880 2147 934 2208 pro
968 2131 1015 2189 sui
1048 2137 1142 2190 status

129 2215 212 2293 apice
236 2217 388 2295 confirmo,
410 2223 474 2276 tum
498 2223 714 2295 consequentes
737 2219 849 2278 misceo
872 2236 985 2297 preces
1019 2215 1049 2280 5.
1069 2219 1143 2279 Tur-

129 2306 227 2382 pionis
255 2306 351 2364 nostri
374 2312 476 2383 rogata
499 2305 631 2386 profero,
660 2304 753 2384 allego
777 2309 984 2386 necessitateS,
1012 2315 1142 2368 extrema

130 2391 261 2473 deploro,
285 2410 359 2471 quae
383 2393 504 2454 duriora
527 2393 727 2455 maerentibus
746 2398 850 2456 amicis
869 2395 938 2455 binc
962 2396 1144 2477 viderentur,

91 2499 117 2540 25
132 2481 210 2560 quod
234 2481 353 2542 faenore
377 2481 483 2561 ligatus
508 2500 633 2562 corpore
657 2483 844 2565 solveretur3-
862 2486 1049 2545 meminisset
1072 2503 1143 2564 ergo

129 2569 324 2649 professionis
348 2589 450 2651 novae,
473 2571 637 2632 sodalitatis
660 2574 808 2653 antiquae,
830 2580 1061 2653 exactorumque
1085 2577 1143 2634 cir-

130 2658 358 2721 cumlatrantum
385 2658 541 2722 barbaram
568 2662 739 2721 instantiam
772 2661 894 2723 indultis
924 2665 1071 2740 tantisper
1099 2666 1144 2722 in-

130 2748 222 2808 dutiis
244 2748 463 2830 moderaretur3
487 2756 525 2830 et,
549 2751 576 2809 si
599 2749 777 2811 decessisset
801 2767 897 2831 aeger,
920 2750 1067 2812 tribueret
1090 2753 1142 2812 he-

130 2836 251 2898 redibus
274 2839 366 2898 annui
393 2838 490 2898 luctus
514 2846 631 2918 tempus
655 2841 801 2920 immune,
832 2841 870 2919 si,
899 2840 978 2918 quod
1002 2848 1144 2920 optarem,

90 2945 116 2984 ao
129 2927 287 3006 pristinam
301 2927 411 3007 Turpio
432 2927 556 2988 salutem
575 2935 790 3008 recuperasset,
814 2928 981 3006 indulgeret
1000 2929 1143 2990 exhausto

129 3033 183 3093 per
211 3017 304 3076 otium
331 3014 500 3076 facultatem
528 3016 760 3077 convalescendi.
812 3015 842 3080 6.
871 3017 965 3078 adhuc
995 3017 1143 3099 rogabam,

130 3122 198 3164 cum
221 3111 343 3184 repente
363 3107 407 3165 vir
426 3107 556 3166 caritatis
575 3105 647 3165 flere
666 3105 817 3183 granditer
836 3108 934 3185 coepit
952 3124 1011 3166 non
1030 3125 1144 3167 moram

131 3191 224 3252 debiti
248 3193 300 3254 sed
323 3193 490 3272 periculum
514 3193 671 3275 debitoris3
694 3194 866 3274 frenatoque
887 3194 1032 3273 singultu:
1056 3193 1145 3256 ‘absit

131 3299 147 3340 a
166 3275 235 3362 me',
258 3284 369 3363 inquit,
393 3277 438 3343 ‘ut
461 3282 534 3343 haec
557 3301 711 3362 reposcam
734 3283 860 3344 clericus
884 3283 919 3344 ab
943 3301 1044 3364 aegro,
1069 3303 1143 3363 quae

204 3492 238 3541 10
256 3487 352 3542 cilicie
371 3487 411 3557 (ia
428 3489 461 3542 in
478 3505 533 3544 rae.
553 3493 570 3543 5
588 3490 640 3544 tut.
661 3489 703 3558 0²,
727 3506 777 3545 orn.
798 3489 871 3560 vele)
886 3490 910 3545 0
920 3482 978 3560 1116
998 3490 1144 3560 paeniten-

131 3562 224 3614 temve
244 3558 301 3614 Leo
314 3562 324 3628 ΙΙ
