2610 4056
320 217 489 273 SIDONIUS
507 217 655 274 RURICIO
675 218 744 275 SUO
764 219 943 278 saturnu.
1074 220 1138 285 187
1225 265 1233 282 ·

226 379 260 430 45
284 371 348 448 ipse
371 367 420 428 hic
442 367 598 430 Parthicus
621 369 746 430 Arsaces
769 376 922 452 precatur,

282 457 367 535 aulae
391 456 508 518 Susidis
531 465 565 518 ut
587 465 691 518 tenere
714 457 833 519 culmen

284 548 380 627 possit
403 546 523 607 loedere
548 545 603 607 sub
627 547 804 626 stipendiali.

282 654 351 696 nam
375 636 453 714 quod
476 635 610 714 partibus
633 654 715 696 arma
737 635 938 715 Bosphoranis

282 724 388 804 grandi
410 723 480 784 hinc
504 743 627 804 surgere
652 727 743 786 sentit
765 734 920 808 apparatu,

225 823 259 875 50
282 821 425 874 maestam
447 812 569 874 Persida
592 815 652 874 iarn
676 832 782 876 sonum
804 816 841 876 ad
865 815 956 877 duelli

281 905 347 982 ripa
369 901 551 980 Euphratide
575 904 624 962 vix
646 911 731 982 putat
754 905 910 986 tuendam3

283 993 335 1070 qui
358 998 482 1070 cognata
504 991 574 1052 licet
598 990 657 1051 sihi
680 998 758 1053 astra
782 993 897 1072 fingens

279 1079 416 1140 Phoebea
438 1086 551 1140 tumeat
574 1082 812 1162 propinquitate,
852 1097 854 1100 ·

282 1167 438 1230 mortalem
460 1169 509 1229 hic
532 1175 632 1230 tamen
655 1169 758 1248 implet
781 1170 974 1233 obsecrando.

223 1269 256 1320 oo
280 1256 353 1318 haec
375 1260 455 1318 inter
477 1259 602 1318 terImus
625 1276 724 1320 moras
747 1261 860 1321 inanes

281 1346 334 1406 scd
357 1353 402 1428 tu,
426 1345 540 1426 Tityre,
563 1365 653 1425 parce
676 1366 851 1429 provocare3

279 1453 349 1496 nam
371 1454 432 1496 non
456 1435 573 1496 invideo
597 1439 750 1515 magisque
774 1441 882 1518 miror,

279 1527 343 1606 qui,
367 1524 438 1586 dum
460 1524 503 1585 nil
526 1542 644 1584 mereor
666 1543 831 1605 precesque
855 1527 966 1588 frustra

279 1614 432 1696 impendo,
454 1613 617 1674 Meliboeus
641 1632 707 1674 esse
731 1617 825 1693 coepi.

185 1735 213 1800 6.
237 1737 283 1797 En
307 1756 435 1819 carmen,
460 1738 538 1816 quod
557 1757 715 1799 recenseas
734 1739 914 1800 otiabundus
936 1748 1133 1820 nostrumque

120 1825 261 1887 sudorem
279 1845 313 1887 ao
331 1827 484 1906 pulverem
504 1835 641 1906 spectans
659 1827 751 1888 veluti
770 1831 829 1888 iam
852 1836 1011 1890 coronatus
1031 1833 1134 1908 auriga

116 1915 155 1976 de
183 1915 280 1994 podio.
328 1916 364 1976 de
392 1915 508 1995 reliquo
535 1935 596 1977 non
623 1924 670 1977 est
698 1917 776 1996 quod
805 1920 967 1996 suspiceris
999 1938 1054 1998 par
1085 1938 1133 1981 me

117 2004 209 2065 officii
231 2023 326 2084 genus
350 2007 560 2086 repetiturum,
584 2007 701 2066 etiamsi
724 2006 872 2067 delectere
896 2010 1056 2090 praesenti,
1073 2011 1134 2069 nisi

116 2095 200 2172 prius
228 2096 292 2174 ipse
321 2093 487 2155 destiterim
514 2096 668 2156 vaticinari
696 2097 790 2174 magis
817 2095 924 2156 damna
952 2115 1041 2176 quam
1069 2116 1132 2158 car·
1160 2115 1174 2157 o

116 2184 203 2244 mina.
245 2183 316 2244 vale.

602 2340 641 2404 X.

312 2459 480 2516 SIDONIUS
499 2460 646 2517 RURICIO
667 2461 735 2516 SUO
756 2460 934 2518 SALUTEM.

184 2573 212 2636 1.
245 2573 318 2635 Esse
342 2573 397 2634 tibi
425 2576 494 2635 usui
524 2576 636 2653 pariter
664 2581 693 2634 et
722 2575 805 2635 cordi
837 2574 952 2635 litteras
981 2576 1134 2654 granditer

116 2650 238 2740 gaudeo.
280 2682 349 2724 nam
369 2663 470 2723 stilum
487 2671 620 2724 vestrum
640 2670 748 2742 quanta
771 2665 928 2724 comitetur
950 2663 997 2724 vel
1015 2664 1133 2726 flamma

118 2768 261 2811 sensuum
292 2751 339 2812 vel
368 2752 447 2812 unda
481 2770 664 2833 sermonum,
697 2751 821 2812 liberius
852 2769 1031 2833 assererem,
1063 2756 1174 2834 nisi,1o

118 2839 190 2899 dum
212 2857 260 2900 me
283 2839 403 2901 laudare
426 2858 487 2901 uon
513 2860 619 2920 parum
643 2841 758 2921 studes,
781 2840 895 2901 laudari
917 2840 1080 2921 plurimum
1102 2851 1132 2903 te

117 2933 240 2988 vetares.
283 2935 313 2989 et
336 2947 514 3007 quamquam
537 2932 569 2990 in
592 2929 718 3010 epistula
741 2936 792 2990 tua
816 2935 913 2990 servet
937 2933 1044 2991 carItas
1068 2930 1133 2991 dul-

118 3016 266 3098 cedinem,
298 3024 404 3078 natura
432 3018 612 3101 facundiam,
644 3020 752 3098 peritia
779 3017 979 3100 disciplinam,
1011 3021 1043 3079 in
1071 3020 1133 3081 sola

118 3108 257 3167 materiae
281 3112 381 3167 tamen
405 3106 549 3167 electione
572 3110 715 3187 peccasti,
743 3107 814 3167 licet
840 3107 871 3167 id
894 3109 992 3186 Ipsum
1015 3109 1132 3186 praedi-

0 3231 1 3235 =
117 3197 179 3255 cari
205 3198 301 3274 possit
329 3197 360 3256 in
387 3203 468 3276 voto,
501 3196 580 3275 quod
612 3196 722 3257 videris
755 3213 872 3257 errasse
904 3191 979 3276 (in)
1012 3196 1131 3259 Iudicio.
1147 3213 1172 3256 ro

117 3285 252 3362 ingentes
276 3287 504 3366 praeconiorum
526 3284 629 3346 titulos
656 3285 789 3346 moribus
812 3287 888 3345 meis
912 3285 1054 3367 applicas3
1079 3288 1131 3348 sed

119 3437 184 3492 LN
186 3439 217 3504 Τ,
241 3438 369 3493 defenset
387 3438 425 3492 M
427 3438 450 3494 0
460 3441 471 3506 l
483 3457 509 3494 v.
523 3444 558 3493 49
578 3437 668 3492 sensit
688 3439 735 3509 (ΙΙΙ
753 3444 769 3493 2
790 3441 941 3508 expectans
960 3439 987 3493 L
1004 3442 1014 3508 ΙΙ
1033 3445 1048 3494 6
1067 3439 1131 3494 vale

119 3525 169 3564 om.
184 3509 253 3563 LM
269 3513 279 3580 ΙΙ
301 3515 334 3564 10
352 3509 468 3565 liberius
487 3511 526 3565 M
529 3509 580 3566 OT
596 3517 629 3578 et,
644 3513 750 3580 partlm
768 3513 800 3566 io
817 3528 882 3580 aas,
901 3511 933 3566 N
937 3511 953 3578 ¹,
972 3509 1085 3566 bravius
1105 3513 1132 3567 L

119 3581 128 3653 ll
148 3585 181 3634 14
199 3583 296 3636 tamen
313 3581 470 3638 matheriae
491 3582 515 3638 0
525 3585 534 3651 ΙΙ
550 3585 582 3636 15
601 3581 631 3636 in
649 3583 757 3651 addidi
775 3599 826 3638 om.
845 3582 921 3639 codd,
936 3586 945 3652 ΙΙ
