2614 4030
151 144 172 207 6
518 142 628 198 nunno
646 143 790 201 emarus

150 309 284 352 acroama
309 290 397 352 simul
421 293 547 373 intonat3
571 291 670 354 nullus
694 291 738 353 ibi
756 292 875 372 lyristes
894 291 1049 354 choraules
1067 311 1164 353 meso-

150 380 257 442 chorus
280 383 487 460 tympanistria
510 381 632 460 psaltria
656 384 744 463 canit,
767 399 837 460 rege
861 380 957 443 solum
976 380 1036 442 illis
1055 381 1164 444 fidibus

150 469 286 551 delinito,
314 469 422 547 quibus
449 487 510 530 non
533 472 635 531 minus
656 471 767 531 mulcet
793 473 887 530 virtus
916 472 1048 531 animum
1075 489 1164 550 quam

150 566 254 619 cantus
283 560 423 620 auditum.
476 556 526 620 10.
556 577 623 620 cum
652 560 829 640 surrexerit,
857 559 977 620 inchoat
1003 566 1164 621 nocturnas

124 647 247 708 saulica
271 666 341 726 gaza
363 648 525 730 custodias3
554 650 659 708 armati
686 648 785 728 regiae
809 648 914 709 domus
938 648 1067 709 aditibus
1090 651 1164 709 assi·

151 743 246 816 stunt,
271 735 379 816 quibus
403 737 493 798 horae
516 739 607 816 primi
631 739 747 816 soporis
775 736 982 816 vigilabuntur.
1029 737 1082 798 scd
1106 739 1164 798 iam

149 825 220 904 quid
244 843 326 893 meas
349 826 430 887 istud
454 827 490 887 ad
512 834 628 906 parteS,
657 828 708 905 qui
730 825 787 886 tibi
809 826 965 887 indicanda
988 843 1048 886 uon
1071 825 1163 887 multa

149 913 185 974 de
218 931 311 994 regno
345 915 396 975 sed
428 933 522 995 pauca
554 915 590 975 de
620 933 690 994 rege
720 912 867 995 promisi?
913 914 1001 976 simul
1033 922 1063 975 et
1095 915 1162 975 stilo

150 1003 240 1063 linem
263 1004 330 1064 fieri
353 1003 447 1085 decet,
471 1007 540 1084 quia
563 1010 593 1064 et
615 1011 649 1065 tu
672 1021 850 1082 cognoscere
874 1006 932 1064 viri
953 1022 1013 1065 uon
1037 1003 1162 1084 amplius

30 1097 33 1106 ¹
109 1120 135 1159 10
150 1110 238 1170 mam
266 1092 363 1152 studia
395 1111 612 1172 personamque
640 1091 759 1154 voluisti
787 1099 817 1154 et
844 1111 898 1173 ego
925 1111 986 1153 non
1008 1093 1163 1154 historiam

150 1180 201 1241 sed
225 1180 383 1260 epistulam
406 1182 524 1243 efficere
548 1183 656 1242 curavi.
702 1181 774 1243 vale.

625 1407 683 1473 ΠΙ.

257 1503 261 1512 ’
322 1528 490 1586 srootuus
508 1529 696 1586 rrnruauro
717 1493 786 1586 s'uo
807 1528 984 1585 saturnu.

216 1659 243 1722 1.
267 1660 280 1721 1
303 1679 382 1722 nunc
406 1668 436 1721 ot
458 1660 574 1740 legibus
597 1679 644 1722 me
669 1660 797 1722 ambitus
820 1662 1036 1739 interrogatum
1056 1668 1161 1721 senatu

146 1767 245 1830 move,
277 1768 331 1810 cur
359 1749 566 1829 adipiscendae
594 1750 732 1829 dignitati
759 1749 955 1810 hereditariae
984 1751 1064 1810 curis
1092 1768 1159 1830 per·

107 1865 132 1906 15
146 1838 286 1917 vigilibus
309 1839 492 1920 incumbam,
522 1841 570 1899 cui
593 1845 677 1918 pater
705 1856 804 1920 socer,
832 1857 903 1898 avus
926 1855 1054 1917 proavus
1076 1857 1161 1917 prae-

147 1928 270 1988 fecturis
292 1927 415 1988 urbanis
438 1930 703 2009 praetorianisque,
725 1929 905 2006 magisteriis
924 1926 1065 1988 Palatinis
1084 1927 1161 1988 mili-

146 2016 319 2095 taribusque
342 2019 520 2077 micuerunt.
567 2014 595 2078 2.
620 2024 650 2077 et
673 2034 742 2078 ecce
766 2015 953 2077 Gaudentius,
974 2035 1069 2097 meus,
1092 2015 1161 2077 bac-

146 2113 233 2165 tenns
265 2111 381 2166 tantum
413 2104 608 2186 tribunicius,
641 2108 816 2167 oscitantem
848 2113 1020 2166 nostrorum
1052 2107 1162 2166 civium

146 2193 291 2254 desidiam
322 2196 470 2254 vicariano
508 2197 591 2274 apice
623 2195 816 2256 transcendit.
870 2196 1009 2255 mussitat
1041 2187 1161 2272 quidem

106 2311 132 2351 20
147 2285 287 2342 iuvenum
314 2291 485 2344 nostrorum
513 2283 623 2344 calcata
651 2285 849 2364 generositas,
882 2283 935 2343 sed
963 2285 1014 2361 qui
1042 2285 1162 2343 transiit

146 2372 335 2452 derogantes
367 2374 398 2432 in
430 2372 485 2432 boc
514 2371 610 2433 solum
638 2380 786 2454 movetur,
818 2378 852 2433 ut
885 2370 1017 2450 gaudeat.
1069 2372 1160 2449 igitur

146 2468 324 2534 generantur
361 2460 514 2541 hucusque
552 2467 755 2541 contemptum
786 2479 820 2521 ac
855 2459 970 2520 subitae
1003 2466 1158 2538 stupentes
1205 2459 1208 2465 '

146 2548 223 2609 dona
250 2550 398 2626 fortunae,
429 2569 518 2628 quem
546 2568 690 2611 consessu
717 2547 933 2629 despiciebant,
964 2547 1034 2608 sede
1064 2551 1160 2628 suspi-

146 2640 236 2699 ciunt.
289 2637 339 2699 ille
373 2638 469 2700 obiter
502 2645 679 2700 stertentum
712 2637 925 2699 oblatratorum
958 2655 1045 2697 aures
1077 2639 1161 2698 rauci

105 2757 132 2796 25
146 2745 217 2787 voce
239 2730 396 2806 praeconis
419 2727 582 2809 everberat,
606 2730 658 2806 qui
681 2730 712 2788 in
736 2745 804 2787 cum
825 2724 896 2786 licet
914 2725 1042 2786 stimulis
1062 2728 1160 2787 inimi·

147 2815 258 2877 calibus
278 2819 453 2898 excitentur,
473 2819 601 2877 scamnis
620 2823 719 2877 tamen
739 2813 912 2875 amicalibus
931 2814 1159 2893 deputabuntur.

145 2903 175 2968 3.
199 2906 277 2967 unde
301 2913 330 2966 te
360 2909 449 2967 etiam
476 2925 530 2985 par
557 2905 648 2965 luerit
674 2903 831 2984 privilegio
855 2903 1049 2964 consiliorum
1075 2922 1159 2983 prae·

145 2994 285 3075 lecturae,
304 2996 335 3054 in
355 3013 429 3074 quae
449 2993 653 3074 participanda
672 2993 853 3073 deposceris,
872 2995 1018 3071 antiquati
1037 2993 1159 3053 honoris

217 3223 233 3270 3
253 3216 377 3272 delenito
388 3217 565 3286 Maetjohcon
577 3219 587 3287 ΙΙ
601 3222 617 3272 5
636 3234 708 3288 gozo
721 3218 771 3274 cix
784 3233 883 3273 sonum
896 3220 905 3287 Ι]
920 3222 953 3270 12
968 3215 1159 3271 Philomathio

30 3301 33 3310 ’
150 3284 333 3343 Wdamowa'tz
351 3292 360 3360 ll
378 3295 413 3344 20
432 3288 543 3343 calcata
561 3293 647 3359 (spat
667 3291 718 3344 litt.
737 3295 809 3358 occ.)
826 3287 964 3343 nerositas
985 3291 1036 3356 (sp.
1052 3290 1089 3342 17
1107 3288 1159 3342 litt.

145 3364 216 3427 cac.)
229 3357 300 3412 nsiit
314 3359 379 3414 dero
400 3364 452 3430 (sp.
468 3365 503 3415 13
522 3362 574 3416 litt.
589 3363 660 3428 cac.)
679 3359 734 3414 hoc
747 3360 786 3428 113
805 3358 921 3414 transiit
935 3357 973 3424 F,
992 3357 1096 3412 transit
1115 3360 1161 3426 (ex

145 3428 272 3497 transiit,
300 3437 333 3486 ut
354 3433 409 3486 oid.
430 3430 618 3498 Nummi*
638 3435 648 3500 lt
672 3437 706 3485 26
730 3430 940 3501 deputabuntur
962 3428 1028 3497 LV,
1055 3429 1161 3498 deputa

146 3503 256 3556 *entur
270 3501 308 3571 N,
329 3500 501 3571 deputontur
515 3502 553 3556 M
558 3501 581 3558 0
585 3502 631 3573 Tu
645 3508 678 3556 28
694 3519 766 3571 quae
780 3499 979 3573 participando
992 3500 1055 3570 LV,
1075 3516 1161 3569 qnam
