2628 4034
554 177 705 232 CARMEN
723 176 796 234 XVI.

633 392 720 458 XVI.

302 516 557 574 EUOHARISTON
575 515 625 570 AD
645 515 816 572 FAUSTUM
834 515 1051 572 EPISOOPUM.

302 631 453 692 Phoebum
475 637 505 691 et
527 638 574 691 ter
596 635 697 690 ternas
721 629 835 690 decima
859 647 926 690 cum
945 629 1070 690 Pallade
1090 631 1211 694 Musas

258 721 433 800 Orpheaque
457 726 487 780 et
508 719 626 779 laticem
649 716 819 778 simulatum
842 718 932 778 fontis
956 720 1064 798 equini

257 810 456 889 Ogygiamque
481 807 598 888 chelyn,
622 825 695 886 quae
721 825 790 867 saxa
814 809 952 886 sequacia
976 807 1110 870 flectens

257 897 392 959 cantibus
416 899 528 958 auritos
552 899 647 957 erexit
669 897 799 956 carmine
824 914 938 977 muros,

223 1001 238 1048 5
259 1005 379 1068 sperne,
403 986 484 1066 ddis;
507 987 600 1064 magis
623 983 672 1044 ille
695 987 764 1044 veni
786 1002 865 1046 nuno
889 987 1026 1066 spiritus,
1052 1005 1134 1070 oro,

257 1077 427 1155 pontificem
451 1075 566 1136 dictura
590 1080 690 1154 tuum,
719 1075 771 1152 qui
793 1081 912 1152 pectora
930 1076 1048 1153 priscae

257 1166 377 1225 intrasti
399 1163 522 1243 Mariae,
545 1164 664 1241 rapiens
688 1181 755 1222 cum
779 1170 916 1241 tympana
941 1165 1038 1224 siccus

257 1253 348 1314 lsrael
372 1253 496 1332 appensi
519 1270 573 1330 per
595 1269 721 1312 concava
744 1253 870 1330 gurgitis
893 1253 952 1312 iret

258 1341 415 1421 aggeribus
438 1340 561 1400 vallatus
584 1358 675 1419 aquae
699 1340 871 1418 mediasque
895 1358 949 1419 per
970 1341 1069 1401 undas

205 1445 237 1492 lo
256 1429 459 1511 pulverulenta
483 1436 566 1490 tuum
589 1428 729 1490 clamaret
750 1427 837 1488 turba
856 1429 1052 1511 triumphum3

257 1523 366 1599 quique
390 1536 510 1579 manum
532 1517 630 1579 luditb
648 1517 804 1578 ferientem
828 1516 903 1578 colla
926 1517 1077 1579 Olofernis

257 1610 370 1689 iuristi,
393 1610 492 1668 exciso
517 1609 607 1667 iacuit
630 1625 698 1666 cum
721 1612 839 1684 gutture
862 1614 986 1667 truncus

256 1705 285 1759 et
308 1696 420 1776 fragilis
443 1695 539 1757 valido
562 1695 648 1756 latuit
670 1693 746 1754 bene
771 1713 861 1755 sexus
884 1698 915 1755 in
939 1698 1014 1776 ictu;

255 1804 396 1866 expresso
420 1785 465 1845 vel
490 1787 540 1864 qui
564 1783 716 1863 complens
739 1784 775 1844 de
802 1783 910 1845 vellere
934 1784 1049 1863 pelvem

205 1889 236 1936 15
255 1877 450 1953 inficiensque
473 1873 584 1934 dehinc
608 1890 667 1932 non
690 1878 768 1933 tacto
792 1869 902 1934 vellere
926 1880 1036 1934 terram

255 1965 380 2025 firmasti
403 1962 553 2043 Gedeona‚
576 1960 656 2022 tubis
680 1963 792 2022 inserte
816 1964 933 2022 canoris

255 2055 391 2133 spiritns,
414 2059 444 2112 et
468 2050 529 2110 solo
552 2051 634 2110 venit
656 2052 780 2110 victoria
803 2057 907 2131 cantu3

254 2143 364 2220 quique
388 2142 475 2200 etiam
499 2139 687 2217 adsumptum
709 2142 846 2217 pecorosi
868 2140 905 2199 de
928 2157 1017 2217 grege
1039 2139 1128 2202 lesse

256 2229 362 2289 afflasti
385 2245 498 2308 regem,
521 2226 652 2306 plaustro
676 2246 744 2288 cum
768 2228 896 2288 foederis
918 2246 1017 2288 arcam

200 2333 233 2381 20
253 2321 408 2396 imponens
431 2316 526 2376 bostis
549 2315 629 2378 nullo
654 2317 824 2377 moderante
847 2315 975 2377 bubulco

252 2407 392 2487 proderet
415 2404 593 2466 obscaenum
616 2409 748 2485 turgenti
770 2406 874 2484 podice
898 2405 1050 2487 morbum3

254 2497 363 2574 quique
386 2497 478 2555 trium
500 2495 648 2574 quondam
670 2512 831 2574 puerorum
855 2497 886 2555 in
909 2495 993 2556 fauce
1018 2500 1152 2580 sonasti,

254 2603 331 2665 quos
353 2586 384 2644 in
407 2583 545 2644 Chaldaei
567 2586 680 2663 positos
704 2584 822 2644 fornace
846 2585 963 2663 tyranni

254 2674 369 2735 roscida
393 2673 546 2734 combusto
570 2672 727 2733 madefecit
749 2671 865 2732 flamma
889 2675 1017 2752 camin03

201 2775 234 2824 25
254 2763 364 2843 quique
387 2760 565 2829 volubilibus
589 2764 766 2841 spatiantem
790 2759 934 2822 tractibus
957 2761 1014 2821 alvi

254 2851 409 2932 complesti
431 2850 545 2931 lonam,
567 2857 708 2911 resonant
731 2850 801 2911 dum
824 2852 938 2913 viscera
960 2851 1089 2910 monstri

256 2943 418 3012 introrsum
441 2939 584 3018 psallente
608 2937 674 3006 cibo
698 2939 744 3000 vel
766 2939 897 3019 pondera
920 2940 1031 3000 ventris

259 3031 353 3090 ieiuni
375 3029 513 3109 plenique
536 3036 636 3089 tamen
658 3035 724 3089 vato
747 3030 922 3089 intemerato

257 3125 354 3179 ructat
377 3118 467 3179 cruda
491 3119 596 3198 fameS,
620 3135 707 3196 quem
731 3116 962 3196 singultantibus
985 3118 1062 3177 extis

203 3220 238 3268 30
257 3209 393 3268 esuriens
416 3209 528 3268 vomuit
551 3225 695 3286 suspenso
718 3205 805 3267 belua
828 3224 943 3288 morsu3

235 3395 300 3451 XVI
316 3397 379 3463 fort.
399 3393 613 3449 Eucharisbicon
637 3393 837 3465 (Euchariston
855 3395 893 3463 P,
920 3391 1093 3448 Eucariscon
1113 3395 1181 3464 ΤΕ,

165 3483 215 3521 om.
234 3466 267 3534 0,
289 3465 513 3520 Eucharisticum
536 3467 626 3536 vulgo)
649 3469 658 3534 ΙΙ
679 3471 714 3520 14
731 3466 842 3535 pelvem
860 3467 1051 3535 Luetpobaum
1074 3465 1179 3534 pellem
1294 3479 1295 3488 ¹

164 3537 242 3592 codol.
256 3540 266 3606 l
