2636 4032
206 183 249 248 90
555 181 664 237 LIBER
682 181 859 248 QUARTUS.

204 335 304 413 gentia
326 332 424 412 faetet,
447 334 506 393 iam
528 338 628 393 tamen
649 331 725 392 nihil
748 330 784 393 de
808 331 947 412 superbia
969 340 1073 414 tumet,
1096 333 1226 392 noveris

204 421 269 482 volo
288 439 358 503 non,
375 428 409 481 ut
426 428 473 482 est
486 421 563 500 apud
577 420 745 499 praesulem
764 421 831 503 lori,
850 425 893 483 sic
911 440 978 482 esse
993 421 1070 502 apud
1085 421 1224 500 iudicem

204 511 315 571 mundi.
352 528 479 589 namque
502 517 536 571 ut
557 512 594 591 is,
617 513 669 590 qui
691 512 812 590 propria
835 510 918 572 vobis
937 519 997 571 no'n
1014 512 1143 572 tacuerit
1164 510 1221 570 lla-

204 602 287 681 gitia,
310 599 479 680 damnatur,
507 601 549 660 ita
571 598 727 660 nobiscum
751 601 803 679 qui
826 599 929 661 eadem
951 599 1007 660 deo
1031 600 1223 661 luerit‘cou-

175 688 308 770 olessus,
331 687 500 749 absolvitur.
533 688 612 749 unde
630 688 743 767 liquido
762 695 843 768 patet
861 690 1023 768 incongrue
1043 707 1059 750 a
1077 687 1221 768 partibus
1289 689 1290 696 ’

201 779 321 839 vestris*
337 779 426 838 nimis
449 795 534 839 reum
557 779 759 858 pronuntiari,
787 779 872 839 cuius
896 796 984 839 causa
1007 777 1074 857 plns
1098 784 1221 856 spectat

202 866 331 928 tribunal
364 867 501 927 alienum.
546 861 576 927 4.
606 873 786 946 quapropter
818 869 1023 928 imminentem
1050 865 1223 946 querellam

201 958 297 1016 nostri
319 955 431 1016 doloris
454 973 641 1034 nequaquam
663 954 774 1017 valebis
792 955 918 1016 ulterius
944 956 1111 1036 effundere,
1136 957 1221 1036 quia,
1288 979 1290 1048 l

202 1043 430 1106 succedentibus
452 1046 605 1124 prosperis
629 1046 690 1105 sive
710 1042 884 1105 obliviscare
908 1063 962 1105 seu
984 1044 1124 1124 neglegas
1148 1062 1221 1123 gra·
1289 1099 1290 1104 ,

162 1147 188 1186 10
201 1136 272 1194 tiam
305 1136 469 1214 antiquam,
501 1135 583 1194 iuxta
615 1141 661 1194 est
692 1131 840 1194 acerbum.
889 1134 1028 1216 proinde,
1061 1135 1088 1193 si
1115 1133 1221 1194 lutura

200 1225 300 1302 magni
327 1224 472 1303 pensitas,
500 1220 598 1283 scribe
622 1222 745 1303 clerico,
774 1224 800 1282 si
823 1225 1004 1303 praesentia,
1032 1220 1130 1283 scribe
1155 1221 1221 1282 col·

200 1311 297 1393 legas,
321 1318 351 1372 et
368 1312 444 1372 hanc
462 1314 494 1371 in
513 1319 542 1372 te
560 1313 625 1390 ipse
643 1314 793 1392 virtutem,
817 1313 844 1372 si
862 1311 1004 1372 naturalis
1023 1318 1079 1391 est,
1102 1310 1219 1392 excole,

201 1402 227 1460 si
249 1403 358 1481 minus,
380 1408 414 1461 ut
436 1401 598 1461 insiticiam
616 1418 740 1483 appone,
765 1418 822 1480 qua
841 1400 956 1461 sodales
975 1407 1108 1461 vetustos
1127 1417 1220 1460 uum-

200 1507 288 1568 quam
315 1507 369 1568 pro
398 1497 632 1569 consequentum
659 1491 788 1550 novitate
812 1489 953 1551 fastidias.
998 1507 1088 1568 porro
1113 1495 1218 1550 autem

160 1591 186 1631 1⁵
199 1578 338 1640 videbere
358 1581 401 1640 sic
419 1581 522 1640 amicis
541 1581 585 1640 uti
604 1581 689 1658 quasi
708 1577 842 1659 floribus,
865 1577 977 1639 tamdiu
996 1580 1098 1658 gratiS,
1117 1577 1218 1639 donec

199 1667 378 1729 recentibus.
414 1668 486 1730 vale.

669 1857 739 1923 XV.

390 1980 558 2036 smouws
576 1976 739 2040 ELAPHIO¹
755 1980 823 2036 SUO
843 1979 1021 2036 SALUTEM.

267 2091 294 2156 1.
322 2094 450 2174 Epulum
473 2093 628 2174 multiplex
651 2102 681 2155 et
704 2097 896 2174 capacissima
918 2093 1102 2155 lectisternia
1126 2110 1217 2172 para:

198 2183 335 2263 plurimis
363 2185 432 2264 viis,
464 2182 601 2263 pluribus
628 2183 725 2244 turbis
758 2176 814 2267 (ita
842 2183 988 2244 bonorum
1015 2179 1217 2242 contubernio

160 2285 186 2324 20
201 2265 291 2356 sedit)
319 2272 356 2333 ad
383 2280 413 2333 te
440 2274 571 2354 venitur,
603 2274 712 2352 quippe
740 2279 898 2352 postquam
928 2270 1065 2332 omnibus
1092 2276 1218 2350 tempus

199 2361 315 2422 suturae
348 2361 543 2422 dedicationis
575 2361 722 2423 inclaruit.
772 2379 841 2422 nam
873 2360 1094 2441 baptisterium,
1132 2359 1216 2438 quod

199 2450 269 2511 olim
301 2450 539 2532 fabricabamini,
572 2450 703 2511 scribitis
734 2469 822 2531 posse
854 2452 913 2511 iam
945 2449 1122 2510 consecrari.
1176 2447 1216 2509 ad

199 2557 274 2618 quae
298 2539 372 2600 festa
390 2557 441 2600 vos
460 2542 521 2600 voti
539 2557 594 2600 nos
612 2541 782 2619 ministerii,
806 2539 898 2600 officii
915 2538 1024 2600 multos
1044 2537 1114 2598 fidei
1132 2543 1215 2597 totos

199 2646 286 2690 causa
310 2627 461 2710 sollicitat,
485 2628 632 2708 siquidem
655 2646 704 2688 res
723 2635 769 2689 est
792 2628 912 2707 grandis
933 2625 1062 2706 exempli
1081 2644 1116 2686 eo
1135 2633 1214 2686 tem-

158 2726 184 2768 25
197 2736 270 2797 pore
290 2736 306 2778 a
324 2716 408 2777 vobis
426 2735 501 2778 nova
520 2716 714 2778 ecclesiarum
733 2717 861 2779 culmina
881 2718 966 2797 strui,
989 2734 1047 2795 quo
1066 2717 1115 2775 vix
1134 2713 1213 2775 alius

198 2807 322 2868 auderet
343 2813 458 2867 vetusta
482 2808 602 2867 sarcire.
648 2802 678 2866 2.
702 2806 782 2885 quod
806 2813 907 2887 restat,
930 2812 1075 2886 optamus,
1098 2810 1132 2864 ut
1154 2802 1213 2863 deo

197 2902 299 2956 nostro
322 2914 377 2976 per
399 2894 508 2956 uberes
532 2913 633 2976 annos,
657 2897 734 2956 sicut
757 2902 823 2955 vota
841 2895 977 2975 redditis,
1000 2896 1041 2954 ita
1059 2891 1213 2954 reddenda

197 2986 335 3065 voveatis
358 2984 448 3063 idque
471 3001 531 3044 non
555 2982 650 3044 solum
673 2982 817 3062 religione
841 2983 934 3045 celata
957 2982 1010 3044 sed
1034 2989 1064 3043 et
1087 2999 1214 3043 conver-

199 3075 282 3134 sione
301 3072 470 3154 manilesta3
488 3075 680 3152 mitigatoque
699 3079 867 3152 temporum
884 3080 962 3133 statu
980 3080 1041 3133 tam
1060 3070 1214 3131 desiderio
1287 3117 1288 3164 ,

157 3168 183 3208 ³⁰
198 3180 264 3222 meo
288 3161 423 3222 Christus
451 3161 602 3241 indulgeat
618 3179 718 3241 quam
740 3160 940 3242 Rutenorum,
969 3169 1003 3223 ul
1029 3161 1152 3239 possitis
1182 3166 1215 3220 et

197 3267 251 3329 pro
271 3249 330 3310 illis
350 3250 457 3311 offerre
476 3251 629 3322 sacrificia,
651 3252 701 3330 qui
721 3252 780 3311 iam
798 3269 852 3330 pro
866 3250 950 3312 vobis
969 3251 1083 3316 offertis
1097 3247 1214 3309 altaria.

269 3473 371 3544 afori]
390 3472 446 3528 feci
464 3474 491 3528 L
517 3477 527 3544 l
554 3479 570 3528 8
589 3474 737 3528 refundere
760 3475 955 3542 Wlamowitc,
977 3472 1100 3543 effugere
1119 3472 1175 3527 Leo
1210 3473 1213 3544 l

200 3552 231 3600 17
251 3546 333 3600 inser.
352 3561 402 3599 om.
417 3545 444 3598 L
462 3548 471 3614 l
489 3548 524 3598 ab
543 3544 622 3600 sedet
641 3545 682 3614 Ol
697 3548 847 3615 postquem
866 3546 932 3601 ΕΝ
937 3545 1003 3602 VM
1005 3546 1037 3615 T,
1056 3541 1140 3598 simul
1159 3543 1185 3599 0
1207 3545 1211 3616 Ι
