2614 4030
183 215 227 278 34
526 213 635 267 niune
654 212 849 269 sucuuuus.

181 367 259 425 natis
292 366 421 443 excipiet
451 371 480 424 te
514 363 731 444 deversorium,
764 365 833 442 quia
864 365 986 424 minime
1014 371 1195 448 aestuosum,
1304 413 1305 424 ,

181 455 308 514 maxime
328 454 481 513 aestivum.
513 469 582 512 nam
600 471 655 531 per
672 452 737 534 hoc,
757 452 835 531 quod
855 453 886 512 in
904 452 1079 531 Aquilonem
1098 454 1195 516 solum

155 563 157 566 ·
181 544 315 623 patescit,
333 541 423 602 habet
442 541 529 621 diem,
547 559 607 601 non
622 540 710 602 habet
725 540 826 622 solem,
844 543 1000 602 interiecto
1016 545 1194 604 consistorio

179 637 373 712 perangusto,
404 629 457 692 ubi
488 630 703 691 somnulentiae
734 629 986 690 cubiculariorum
1016 631 1195 694 dormitandi

154 723 279 799 spotius
303 737 391 798 quam
415 719 582 780 dormiendi
604 719 688 780 locus
711 725 765 780 cst.
804 714 853 781 14.
877 718 926 780 hic
949 721 1007 779 iam
1032 739 1120 799 quam
1143 739 1192 781 vo-

180 809 250 889 lupe
274 809 395 870 auribus
419 811 557 869 insonare
582 808 697 869 cicadas
716 807 841 868 meridie
861 816 1082 891 concrepantes
1106 828 1194 871 ranas
1304 835 1305 882 r

181 897 356 977 crepusculo
385 897 574 958 incumbente
602 896 795 978 blaterantes,
823 915 933 976 cygnos
960 904 1048 976 atque
1071 916 1194 960 anseres

180 987 324 1048 concubia
342 994 428 1048 nocte
443 986 622 1067 clangenteS,
640 989 817 1065 intempesta
832 985 923 1065 gallos
938 985 1108 1065 gallinacios
1123 1006 1193 1048 con-

180 1078 324 1157 cinentes,
347 1078 464 1136 oscines
488 1093 592 1135 corvos
611 1093 682 1135 voce
701 1074 849 1154 triplicata
867 1077 1023 1154 puniceam
1042 1079 1193 1154 surgentis

140 1183 166 1221 ro
179 1165 311 1225 Aurorae
340 1164 433 1226 facem
462 1163 694 1245 consalutantes,
722 1163 851 1224 diluculo
879 1171 978 1225 autem
1000 1163 1193 1225 Philomelam
1304 1163 1305 1232 ]

180 1255 259 1314 inter
291 1254 413 1314 lrutices
444 1251 625 1333 sibilantem,
657 1252 794 1332 Prognen
823 1255 902 1313 inter
934 1271 1051 1314 asseres
1078 1256 1192 1315 minur-

179 1340 320 1403 rientem!
358 1344 406 1403 cui
429 1344 588 1403 concentui
610 1340 713 1402 licebit
735 1341 876 1421 adiungas
900 1341 1015 1402 fistulae
1039 1343 1191 1421 septiforis

180 1431 371 1492 armentalem
400 1431 572 1512 Camenam,
604 1449 692 1510 quam
724 1449 811 1510 saepe
844 1433 999 1491 nocturnis
1027 1433 1192 1493 carminum

179 1519 391 1580 certaminibus
411 1523 563 1580 insomnes
581 1527 752 1580 nostrorum
770 1521 916 1581 montium
930 1519 1024 1599 Tityri
1042 1527 1193 1602 exercent,
1233 1549 1236 1556 ·

140 1624 165 1666 15
179 1611 258 1670 iuter
290 1627 394 1688 greges
426 1607 620 1669 tinnibulatos
653 1627 708 1688 per
740 1608 860 1688 depasta
891 1608 997 1669 buceta
1024 1607 1191 1670 reboantes.

179 1716 253 1777 quae
286 1706 385 1758 tamen
416 1700 496 1758 varia
528 1716 634 1758 vocum
667 1705 865 1777 cantuumque
895 1696 1094 1758 modulamina
1121 1716 1191 1777 pro·
1271 1706 1279 1726 '

178 1788 298 1848 lundius
322 1786 504 1847 coulovendo
529 1789 629 1866 sopori
650 1793 701 1846 tuo
725 1785 979 1847 lenocinabuntur.
1023 1782 1073 1847 15.
1097 1789 1191 1866 porti·
1274 1779 1282 1800 '

178 1875 262 1936 cibus
286 1894 417 1956 egresso,
441 1878 467 1935 si
490 1883 608 1955 portum
631 1874 728 1936 litoris
746 1882 840 1956 petas,
862 1877 894 1934 in
914 1893 982 1936 area
1000 1877 1109 1936 virenti
1126 1875 1191 1936 vul-

178 1982 247 2043 gare
276 1982 454 2043 quamquam
482 1982 541 2024 non
569 1963 673 2042 procul
700 1982 820 2025 nemus:
847 1966 982 2042 ingentes
1010 1963 1090 2025 tiliae
1115 1964 1190 2025 duae

136 2070 164 2109 so
178 2055 298 2113 conexis
322 2053 491 2133 frondibus,
514 2052 667 2114 fomitibus
691 2053 837 2114 abiunctis
861 2071 950 2113 unam
973 2053 1108 2114 umbram
1130 2071 1192 2114 non

177 2159 236 2202 una
259 2141 359 2202 radice
383 2141 551 2202 conficiunt.
597 2143 628 2202 in
652 2144 737 2203 cuius
761 2143 919 2223 opacitate,
943 2160 1011 2202 cum
1033 2160 1080 2203 me
1104 2160 1189 2202 meus

167 2229 316 2294 ,Ecdicius
335 2229 483 2312 inlustrat,
506 2230 583 2310 pilae
602 2249 748 2311 vacamus,
772 2230 824 2290 scd
842 2231 899 2291 hoc
918 2249 953 2290 co
972 2249 1076 2312 usque,
1096 2231 1190 2292 donec

177 2317 318 2379 arborum
337 2321 433 2397 imago
453 2321 633 2380 contractior
655 2322 734 2379 intra
753 2321 882 2399 spatium
900 2337 1050 2380 ramorum
1069 2337 1191 2380 recussa

177 2406 351 2468 cohibeatur
379 2413 466 2487 atque
494 2407 556 2469 illic
579 2408 752 2469 aleatorium
775 2407 862 2468 lassis
886 2415 1060 2486 consumpto
1085 2408 1206 2488 sphae·

136 2515 162 2554 rs
176 2497 296 2556 risterio
328 2497 423 2557 faciat.
467 2493 517 2558 16.
546 2497 598 2557 sed
622 2499 690 2576 quia
717 2496 785 2578 tibi,
817 2499 894 2557 sicut
916 2496 1084 2558 aediticium
1106 2495 1190 2578 solvi,

177 2586 220 2645 sic
247 2584 344 2646 lacum
372 2584 480 2666 debeo,
511 2585 589 2665 quod
617 2593 709 2646 restat
737 2604 871 2664 agnosce.
917 2584 999 2646 lacus
1021 2587 1053 2646 in
1076 2586 1189 2646 Eurum

176 2673 291 2735 delluus
314 2681 402 2755 meat,
425 2677 549 2754 eiusque
572 2675 693 2735 harenis
716 2674 906 2735 fundamenta
930 2676 1075 2754 impressa
1094 2674 1187 2735 domi-

175 2762 238 2823 cilii
256 2765 352 2824 ventis
372 2763 553 2824 motantibus
572 2770 710 2824 aestuans
729 2770 859 2824 umectat
878 2762 992 2824 alluvio.
1023 2766 1049 2824 is
1069 2764 1187 2843 quidem

176 2870 246 2912 sane
267 2854 346 2913 circa
364 2854 511 2931 principia
531 2854 578 2912 sui
597 2852 660 2912 solo
674 2851 799 2932 palustri
813 2855 1005 2931 voraginosus
1020 2860 1050 2914 et
1064 2854 1188 2931 vestigio

134 2958 161 2997 oo
175 2943 354 3021 inspectoris
386 2939 550 3002 inadibilis:
583 2943 624 3001 ita
655 2941 718 3001 limi
750 2939 845 3001 bibuli
871 2941 1021 3021 pinguedo
1049 2941 1188 3003 coalescit

174 3028 373 3091 ambientibus
393 3048 458 3091 sese
478 3030 609 3091 lontibus
629 3029 743 3109 algidis,
761 3028 899 3090 litoribus
914 3030 1030 3109 algosis.
1059 3038 1188 3092 attamen

174 3117 271 3198 pelagi
289 3117 407 3179 mobilis
426 3137 547 3198 campus
566 3117 713 3179 cumbulis
736 3117 793 3178 late
809 3126 927 3179 secatur
941 3118 1187 3201 pervagabilibus,

246 3360 315 3413 3de
340 3359 506 3416 consistorio
527 3361 551 3417 0
573 3365 582 3430 ΙΙ
610 3365 626 3414 5
645 3367 709 3432 post
730 3359 832 3429 volupe
855 3361 919 3416 cdd.
943 3377 963 3416 s.
984 3361 1000 3417 l.
1025 3362 1069 3414 est
1087 3361 1186 3430 ΜΨ,

172 3429 258 3499 volup
285 3431 328 3484 est
347 3431 528 3503 anelbcecht
542 3434 551 3502 ΙΙ
566 3437 597 3485 11
617 3450 753 3503 prognem
772 3430 829 3486 Lo
838 3434 847 3500 l
861 3437 895 3485 23
915 3431 1010 3501 imego
1034 3448 1073 3500 sp.
1090 3437 1107 3486 5
1126 3433 1142 3487 l.
1161 3450 1185 3488 o.

173 3517 223 3556 om.
239 3500 265 3552 L
279 3502 288 3569 ΙΙ
302 3507 337 3555 24
355 3501 434 3556 illinc
458 3503 639 3560 Wilomowa'ta
653 3508 662 3575 t
677 3508 710 3557 30
729 3509 794 3573 post
811 3501 958 3558 inadibilis
981 3520 1001 3557 s.
1022 3502 1038 3558 l.
1059 3504 1123 3558 odd.
1143 3506 1187 3557 est
1270 3561 1273 3568 ,

172 3571 262 3626 M¹r²
276 3574 285 3641 u
