2660 4030
19 3475 20 3492 I

20 3663 22 3683 l

155 191 220 255 124
512 187 622 242 LIBER
639 187 805 254 QUINTUS.

154 340 247 402 lenae.
293 338 365 399 illud
392 345 491 400 antem
518 336 618 416 ambo,
649 336 729 416 qnod
756 339 852 396 mains
880 344 927 396 est
953 336 1092 414 qnodque
1119 352 1175 396 me

155 429 308 508 superio
336 428 483 507 quendam
510 427 575 486 dies
601 425 696 486 bonos
723 425 800 485 male
827 426 973 485 ferentem
998 423 1175 504 parabolice

155 535 209 579 seu
232 517 356 596 figurate
379 515 492 577 dimare
514 516 645 600 Iussistis
664 514 801 594 qnodque
821 513 992 593 expeditum
1010 532 1076 574 cras
1095 513 1175 573 diri-

155 613 250 686 getur,
273 605 349 666 clam
366 611 534 685 recensete3
557 611 597 683 et,
619 605 647 664 si
663 603 770 684 placet,
788 603 911 664 edentes
929 603 1039 682 lorete3
1062 605 1089 662 si
1108 602 1173 662 dis-

129 695 259 776 cplicet,
280 693 415 756 delentes
438 694 622 773 ignoscitote.
658 691 730 752 vale.

599 917 720 984 XVIII.

355 1041 523 1096 ernostus
541 1040 684 1096 nmmo
703 1040 772 1096 suo
791 1041 968 1096 amorem.

221 1155 359 1217 Haeduae
387 1157 498 1216 civitati
530 1161 559 1214 te
591 1154 763 1233 praesidere
792 1157 927 1233 coepisse
955 1154 1051 1215 libens
1079 1163 1171 1234 atque

155 1263 223 1306 cum
243 1245 348 1324 gaudio
370 1246 480 1322 accepi.
512 1243 641 1304 laetitiae
656 1261 744 1304 causa
758 1243 973 1323 quadripertita
987 1251 1045 1304 est:
1063 1246 1172 1325 prtma,

156 1333 235 1412 quod
262 1335 388 1413 amicus,
416 1331 561 1412 secunda,
590 1332 667 1410 quod
696 1335 793 1392 iustus
817 1351 862 1413 es,
890 1335 991 1413 tertia,
1019 1333 1098 1411 quod
1122 1351 1171 1393 se-

115 1439 260 1502 roseros,
284 1429 396 1502 quama,
419 1421 498 1500 quod
520 1423 683 1499 proximus.
716 1439 774 1499 quo
798 1422 839 1502 lit,
861 1429 896 1482 ut
917 1423 1028 1482 nostris
1051 1430 1172 1482 nostro-

155 1528 281 1592 rumque
301 1509 501 1571 contraotibus
519 1509 680 1589 plurimum
699 1509 772 1570 velis
787 1509 895 1571 debeas
909 1512 1007 1588 possis
1022 1510 1170 1590 opitulari.

156 1601 247 1678 igitur
269 1599 448 1678 amplectens
471 1601 503 1659 in
526 1598 663 1660 familiari
688 1607 801 1659 vetusto
820 1617 929 1660 norum
947 1601 995 1660 ius
1013 1602 1170 1678 potestatis

156 1689 293 1769 indeptae
316 1689 470 1749 materiam
492 1686 647 1749 beneficiis
670 1690 730 1749 tuis
749 1690 807 1748 iarn
827 1687 878 1748 diu
901 1707 1020 1767 quaero.
1060 1687 1171 1767 quibus

155 1795 203 1838 me
235 1785 350 1839 tantum
382 1777 474 1838 fidere
507 1795 647 1857 agnosce,
683 1783 729 1857 ut,
761 1779 819 1837 etsi
850 1796 911 1837 non
942 1779 1060 1838 Invenio
1093 1795 1170 1856 quae

118 1885 285 1948 reposcam,
309 1869 497 1945 quaesiturus
521 1866 595 1925 mihi
619 1866 747 1926 videaris
765 1868 831 1945 ipse
851 1885 925 1944 quae
944 1865 1066 1927 tribuas
1096 1865 1169 1926 vale.

621 2092 707 2157 XIX.

344 2211 512 2268 SIDONIUS
531 2212 694 2268 PUDENTI
713 2214 781 2270 SUO
801 2213 979 2272 SALUTEM.

224 2322 252 2386 1.
276 2324 407 2386 Nutricis
431 2345 514 2387 meae
538 2325 629 2387 liliam
652 2326 731 2389 filius
754 2335 822 2388 tuae
845 2331 955 2407 rapuit:
985 2329 1099 2389 facinus
1123 2330 1168 2388 iu-

156 2414 277 2494 dIgnum
310 2415 447 2494 quodque
480 2434 534 2476 uos
566 2434 678 2495 vosque
710 2419 905 2497 inimicasset,
940 2419 1000 2478 nisi
1032 2418 1169 2497 protinus

156 2505 281 2564 scissem
303 2511 332 2564 te
356 2505 488 2565 nescisse
507 2504 683 2566 laciendum.
722 2506 774 2566 sed
793 2508 992 2567 conscientiae
1011 2514 1079 2568 tuae
1097 2525 1168 2585 pur-

116 2593 273 2671 rogatione
300 2591 430 2671 praelata
455 2601 557 2673 petere
586 2594 717 2672 dignaris
750 2594 852 2674 eulpae
885 2595 1007 2656 calentis
1040 2597 1169 2674 impuni-

156 2688 254 2742 tatem.
300 2680 356 2742 sub
384 2682 557 2744 condicione
585 2684 729 2744 concedo:
758 2685 784 2744 si
813 2690 1012 2762 stupratorem
1038 2703 1093 2764 pro
1117 2684 1167 2744 do-

155 2772 236 2830 miuo
259 2771 327 2838 iam,
340 2779 482 2850 patronus
506 2771 642 2850 originali
666 2771 761 2832 solvas
779 2772 965 2851 inquilinatu.
1010 2770 1038 2834 2.
1062 2772 1170 2834 mulier

156 2864 254 2920 autem
286 2859 335 2920 illa
367 2861 425 2921 lam
457 2859 550 2921 libera
578 2868 637 2941 est3
670 2879 745 2940 quae
777 2869 841 2921 tum
873 2861 993 2923 demum
1020 2861 1169 2923 videbitur

122 3019 123 3028 ἵ
157 2964 214 3008 uon
234 2947 362 3009 ludibrio
382 2949 498 3010 addicta
517 2949 569 3010 sed
589 2957 740 3028 assumpta
759 2952 906 3031 coniugio,
926 2954 952 3010 si
970 2970 1039 3012 reus
1058 2957 1169 3030 noster,

117 3055 210 3115 aspro
235 3055 292 3116 quo
316 3040 458 3119 prosarie,
481 3056 549 3098 mox
573 3038 666 3100 elleos
690 3039 784 3099 factus
809 3056 825 3098 e
844 3039 1001 3101 tributario
1020 3039 1168 3119 plebeIam

156 3127 254 3204 potius
282 3128 405 3205 incipiat
431 3126 541 3188 habere
570 3145 727 3206 personam
756 3145 845 3206 quam
867 3128 1054 3189 colonarIam.
1100 3145 1167 3188 nam

156 3231 252 3274 meam
275 3213 348 3276 haec
372 3214 434 3275 sola
458 3234 511 3276 seu
535 3219 709 3294 compositio
734 3235 787 3277 sen
811 3218 971 3278 satisfactio
990 3216 1037 3277 vel
1057 3216 1167 3277 medio-

229 3407 244 3454 6
266 3401 337 3456 Italo
358 3402 405 3472 ΟΙΙ
429 3409 461 3456 11
481 3403 633 3473 plurimum
651 3404 752 3473 LNT,
771 3403 893 3473 primum
917 3381 1008 3461 VMG
1027 3407 1036 3475 ΙΙ
1062 3410 1094 3458 13
1112 3405 1167 3459 tuis

158 3471 301 3526 beneficiis
318 3473 360 3544 011
377 3479 409 3528 18
426 3489 598 3543 vostrosque
613 3476 678 3530 MT
689 3481 698 3546 11
712 3481 746 3529 20
766 3494 804 3530 aa
819 3476 965 3544 praelata?
984 3477 1168 3545 Laetjoboun,

157 3543 335 3612 frustrantia
356 3543 449 3599 solves
468 3547 497 3615 (a
515 3546 547 3600 ic
564 3563 618 3602 ras.
636 3547 743 3617 M1)M,
762 3546 853 3601 solves
874 3548 920 3617 ΤΙΙ
934 3554 967 3604 27
982 3554 1047 3617 post
1061 3547 1106 3601 vel
1121 3549 1167 3618 lep.
