2610 4056
70 213 79 230 ,
182 161 350 217 SIDONIUS
368 161 512 217 DOMINO
531 161 650 240 PAPAE
669 161 852 219 PRINCIPIO
873 161 1049 217 SALUTEM.
1087 163 1150 226 211

99 335 103 341 ·
121 341 124 350 ·
141 312 288 392 expediat,
305 329 343 371 ne
364 310 528 372 salebrosas
547 330 633 391 passa
652 314 804 372 iuncturas
823 329 878 390 per
897 330 1045 372 cameram
1062 311 1153 391 palati

140 400 268 461 volutata
291 399 447 482 balbutiat;
475 407 537 462 tota
569 401 697 479 denique
729 400 840 478 liquida
872 419 996 479 prorsus
1025 407 1055 461 et
1082 401 1153 461 duc·

140 489 218 570 tilis,
244 488 336 550 veluti
364 507 431 554 cum
459 488 642 568 crystallinas
673 496 789 549 crustas
812 495 862 549 aut
885 490 1069 569 onychitinas
1092 506 1152 550 non

140 580 268 657 impacto
301 578 411 656 digitus
443 596 541 657 ungue
573 576 750 658 perlabitur,
783 579 891 657 qqupe
925 580 951 638 si
982 578 1054 638 nihil
1084 597 1151 639 eum

140 669 261 728 rimosis
303 665 438 727 obIcihus
479 675 637 746 exceptum
676 673 765 727 tenax
805 667 935 727 fractura
976 675 1151 750 remoretur.
1179 688 1192 728 5

138 752 169 816 4
194 755 266 835 qnid
281 751 397 835 plura?
424 773 484 816 non
507 762 587 816 extat
605 755 641 816 ad
659 774 801 835 praesens
819 757 878 815 vivi
896 755 1025 815 hominis
1049 758 1152 837 oratio,

140 863 232 924 quam
260 845 367 923 peritia
398 851 449 904 tua
481 863 541 905 non
574 846 637 905 sine
670 843 770 905 labore
802 843 970 922 transgredi
1002 852 1091 923 queat
1117 864 1151 905 ac

139 933 345 1013 supervadere.
382 932 460 992 unde
485 941 515 994 et
533 951 625 1013 prope
641 935 784 1014 suspicor,
799 933 917 1012 domine
931 951 1015 1014 papa,
1030 941 1152 1012 propter

140 1022 291 1101 eloquium
320 1022 473 1082 exundans
501 1029 589 1100 atque
608 1021 766 1090 ,ineilabile
800 1013 899 1105 (venia
931 1024 971 1082 sit
998 1015 1092 1105 dieto)
1120 1029 1150 1082 te

138 1109 304 1190 superbire.
355 1111 407 1170 sed
444 1111 515 1171 licet
545 1110 623 1171 bono
652 1110 765 1189 fulgeas
800 1120 834 1170 ut
851 1183 854 1188 Ι
871 1112 1069 1172 conscientiae
1107 1113 1150 1171 sic
1165 1133 1191 1172 ιο

138 1201 278 1260 dictionis
293 1197 539 1281 ordinatissimae,
553 1217 608 1260 nos
627 1198 682 1259 tibi
695 1207 794 1260 tamen
808 1201 930 1261 minIme
950 1217 1052 1260 sumus
1071 1200 1150 1260 refu-

139 1287 249 1369 giendi,
272 1290 324 1366 qui
346 1287 422 1348 bene
442 1291 555 1368 'scripta
574 1288 737 1369 laudamus,
755 1289 812 1348 etsi
831 1287 975 1349 laudanda
998 1307 1057 1348 non
1076 1291 1150 1349 scri-

137 1376 245 1438 bimus.
291 1373 320 1438 5.
354 1377 494 1455 quocirca
518 1376 621 1437 desine
649 1379 681 1437 in
703 1384 858 1456 posterum
880 1384 982 1437 nostra
1001 1376 1150 1438 declinare

139 1466 261 1546 iudicia,
284 1483 359 1544 quae
383 1465 458 1525 nihil
480 1465 617 1546 mordax,
639 1464 714 1532 nihil
738 1484 855 1545 quoque
878 1468 1029 1526 minantur
1052 1468 1150 1528 incre·

136 1557 292 1634 potorium.
325 1553 466 1635 alioquin,
485 1556 511 1614 si
522 1554 673 1615 distuleris
696 1562 829 1615 nostram
847 1555 1033 1615 sterilitatem
1048 1556 1148 1616 iacun·
1164 1574 1190 1616 15

138 1644 184 1704 dis
202 1642 361 1704 secundare
375 1637 550 1724 'colloquiis,
570 1643 784 1724 aucupabimur
801 1643 949 1704 nundinas
967 1643 1149 1704 involantum

137 1739 167 1792 et
189 1731 266 1793 ultro
297 1734 406 1793 scrinia
434 1738 484 1794 tua
517 1732 721 1793 coniventibus
750 1732 837 1793 nobis
861 1751 894 1794 ac
918 1731 1149 1794 subornantibus
1217 1793 1222 1806 ,

138 1820 327 1881 eilractorum
354 1839 461 1882 manus
488 1828 592 1901 arguta
618 1821 809 1902 populabitur
837 1820 1049 1900 inchoabisque
1077 1829 1149 1883 tunc

135 1910 245 1970 frustra
259 1912 372 1970 moveri
391 1909 533 1989 spoliatus
551 1911 640 1991 furto,
660 1913 686 1970 si
704 1929 783 1971 nunc
802 1917 923 1989 rogatus
941 1927 1001 1970 non
1019 1913 1148 1972 moveris

135 1998 241 2082 officio.
283 2013 396 2058 memor
419 2001 514 2060 nostri
537 1998 603 2059 esse
627 1999 763 2083 dignare',
787 1999 906 2060 domine
929 2017 1012 2078 papa.
1162 2019 1188 2058 oo

595 2241 683 2308 VIII.
729 2241 735 2252 ’

184 2364 371 2448 ,SIDONIUS
389 2363 534 2419 DOMINO
553 2339 673 2418 PAPAE
691 2362 875 2420 PRINCIPIO
896 2365 1074 2423 SALUTEM.

202 2475 230 2539 1.
263 2479 448 2558 Quamquam
474 2476 561 2538 nobis
590 2495 649 2537 non
677 2477 880 2559 opInantibnS,
907 2478 1146 2540 desiderantibus

133 2576 233 2628 tamen
255 2568 369 2628 litteras
393 2574 459 2628 tuas
483 2565 613 2626 reddidit
635 2565 756 2644 gerulus
780 2569 929 2648 antiquus,
952 2567 1077 2627 idoneus
1100 2570 1145 2628 in·
1183 2583 1187 2592 ·

132 2662 252 2736 ventus,
281 2658 329 2717 cui
352 2659 418 2718 iure
441 2657 567 2734 repetita
590 2655 882 2735 credanturollrcia,
906 2655 1145 2734 quandoquidem

131 2747 227 2825 prima
251 2746 294 2805 sic
318 2743 431 2805 detulit.
478 2746 570 2824 igitur
593 2745 682 2805 allatu
706 2742 845 2807 secundo·
859 2743 905 2804 vel
932 2746 1031 2822 potius
1054 2743 1144 2805 bene
1159 2761 1184 2802 25

132 2834 262 2894 dictione
286 2833 411 2894 donatus
434 2835 499 2912 ipse
519 2850 637 2912 qnoque
656 2832 787 2912 rependo
807 2830 932 2892 alterum
952 2831 1039 2912 salve,
1059 2832 1144 2894 obse-

132 2923 201 3000 quia
225 2919 398 2982 combInans
420 2924 554 2982 numeris
577 2928 709 3002 aequata,
728 2939 788 2981 non
806 2923 930 2982 meritis,
964 2919 992 2981 2.
1016 2927 1046 2981 et
1065 2924 1153 3003 quia,

30 3053 34 3063 .
132 3011 249 3070 domine
272 3028 355 3091 papa,
377 3011 465 3070 modo
488 3012 613 3071 vivimus
632 3006 784 3092 <animis>
802 3012 912 3071 iunctis
936 3009 1143 3089 abiunctisque
1220 3045 1221 3052 κ

131 3098 303 3179 regionibus
336 3097 602 3178 conspectibusque
639 3101 751 3159 mutuis
784 3099 844 3158 frui
876 3099 1050 3159 dissociatae
1085 3100 1143 3160 situ
1172 3099 1176 3109 “

201 3376 416 3446 tonychitinas
440 3376 631 3445 IacctJohoon,
659 3375 857 3446 onychintinas
885 3378 927 3432 oel
954 3374 1143 3430 onichintinns

129 3449 205 3504 codd.
229 3450 238 3518 {l
262 3454 295 3502 16
315 3448 514 3518 aucupabimus
536 3447 560 3503 0
583 3451 592 3518 ΙΙ
619 3447 860 3505 unanimisque
879 3447 1142 3516 majorationem.

8 3515 9 3554 ¹
129 3521 205 3577 codd.
220 3522 277 3590 [129
296 3520 493 3590 conspectibus
516 3522 580 3589 (que
599 3521 661 3590 om)
677 3518 707 3572 F
723 3523 732 3592 ΙΙ

930 3611 984 3664 14*

1045 3709 1056 3742 ι
