2610 4056
150 227 213 292 198
296 245 298 252 “
502 227 611 282 LIBER
630 227 804 284 OCTAVUS.

148 376 239 437 fuerit
261 379 318 437 isto
338 395 425 437 causa
443 377 589 458 veniendi,
607 384 820 457 praesentaneo
840 376 1059 439 conducibilius
1069 371 1159 440 idem

147 467 258 544 poterit
272 465 418 545 explicare
437 474 610 526 memoratu.
639 465 725 526 nohis
744 484 814 526 vero
833 474 956 546 propter
975 486 1049 546 quae
1069 486 1162 548 supra

148 555 256 633 scripsi
286 557 459 616 carissimus
484 554 624 636 habetur3
655 555 734 634 quod
766 554 833 616 ideo
864 556 1011 637 significo,
1040 559 1108 636 quia
1131 559 1159 618 is

148 643 351 704 efficacissime
371 661 518 723 quemque
537 643 732 724 commendat,
751 646 803 722 qui
821 662 918 704 meras
937 663 1040 706 causas
1063 648 1160 706 iustae

121 746 133 787 a
149 732 412 793 commendationis
431 735 589 812 aperuerit.
625 747 740 794 memor
758 735 854 793 nostri
872 751 939 794 esse
957 734 1088 815 dignare,
1108 735 1162 796 do-

147 838 227 881 mme
249 839 332 901 pape.

610 993 697 1059 XIV.

214 1115 386 1172 'SIDONIUS
404 1113 549 1172 DOMINO
567 1115 686 1171 PAPAE
705 1113 887 1172 PRINCIPIO
907 1115 1085 1175 SALUTEM.

215 1227 243 1291 1.
267 1229 327 1290 lam
351 1229 402 1291 diu
425 1229 520 1311 nobis,
538 1248 613 1310 papa
631 1228 818 1310 venerahilis,
837 1232 894 1290 etsi
912 1230 1041 1292 necdum
1058 1240 1160 1294 vester

145 1317 243 1380 vultus
263 1327 409 1400 aspectus,
422 1327 521 1380 tamen
539 1325 622 1380 actus
640 1321 792 1399 inspectus
811 1328 865 1379 est.
895 1337 1022 1398 namque
1042 1331 1159 1383 saucto-

106 1425 132 1464 10
146 1425 213 1468 rum
240 1406 304 1468 laus
332 1407 439 1470 diffusa
465 1410 640 1470 meritorum
671 1409 777 1486 stringi
805 1409 908 1486 spatiis
935 1426 997 1469 non
1019 1418 1065 1470 est
1088 1429 1160 1472 cou-

104 1544 106 1550 s
148 1503 230 1556 teuta
251 1495 397 1557 finalibus.
442 1497 512 1558 hino
542 1504 588 1558 est
620 1496 712 1577 quod,
745 1497 813 1575 quia
840 1495 935 1562 bonae
959 1501 1159 1562 conscientiae

145 1585 251 1646 modus
269 1603 328 1646 uon
347 1588 476 1666 ponitur,
494 1604 550 1646 uec
568 1585 662 1646 honae
682 1587 816 1665 opinioni
833 1587 979 1646 terminus
997 1589 1158 1651 invenitur.

147 1672 176 1735 2.
200 1693 274 1753 quae
298 1673 413 1755 loquor,
435 1675 508 1736 falsa
528 1682 663 1754 censete,
686 1676 745 1734 nisi
768 1674 947 1753 professioni
970 1693 1052 1736 meae
1076 1696 1157 1738 com·

146 1770 252 1843 petens
274 1763 468 1844 adstipulator
491 1765 665 1842 accesserit,
692 1765 766 1823 satis
790 1765 822 1823 in
845 1761 898 1824 illo.
920 1765 1066 1842 quondam
1090 1785 1158 1828 coe-

107 1869 133 1908 15
147 1851 236 1912 nohio
255 1852 406 1914 Lirinensi
429 1851 590 1933 spectabile
609 1859 705 1932 caput,
722 1851 874 1930 Luporum
893 1851 1049 1914 concellita
1065 1855 1158 1916 Maxi-

145 1959 320 2020 morumque
358 1949 388 2002 et
427 1943 626 2020 parsimoniae
668 1939 790 2002 saltibus
831 1943 975 2020 consequi
1013 1943 1157 2007 affectans

143 2029 349 2109 Memphiticos
364 2037 394 2091 et
406 2029 588 2091 Palaestinos
604 2029 856 2090 archimandritas.
886 2031 920 2092 is
937 2037 984 2091 est
998 2033 1157 2112 episcopus

143 2118 293 2199 dntiolus,
316 2120 401 2179 cuius
424 2118 532 2199 relatu,
556 2121 607 2197 qui
629 2125 713 2198 pater
736 2117 834 2200 vohis,
861 2120 971 2198 quique
996 2121 1157 2202 qualesque

115 2218 119 2226 '
144 2225 196 2266 vos
219 2207 340 2287 iratres,
370 2226 427 2285 qua
455 2225 571 2268 morum
598 2209 801 2287 praerogativa
828 2207 1002 2287 pontificatu
1028 2214 1157 2272 maximo

104 2313 130 2352 ao
145 2294 230 2355 ambo
263 2295 440 2376 fungamini,
477 2295 621 2357 solheitus
659 2314 837 2375 cognoscere
873 2296 989 2377 studui,
1024 2300 1158 2377 gaudens

143 2385 316 2462 cognovisse
339 2403 387 2444 me
410 2387 541 2445 memini.
588 2383 617 2448 3.
647 2387 697 2446 cui
724 2387 802 2464 patri
833 2385 993 2466 quondam,
1018 2387 1157 2451 videlicet

142 2490 194 2533 vos
217 2471 352 2553 habenti,
384 2475 433 2534 vix
465 2473 570 2535 domus
599 2475 697 2534 Aaron
725 2475 876 2553 pontilicis
904 2477 1020 2554 antiqui
1046 2481 1155 2539 merito

144 2568 377 2643 compararetur3
405 2581 494 2641 quem
517 2563 587 2624 lieet
613 2566 743 2642 primum
768 2565 800 2622 in
821 2562 920 2623 medio
944 2563 1040 2643 plebis
1068 2566 1155 2628 here-

143 2650 256 2712 mitidis
284 2652 524 2712 sanctificationis
558 2651 622 2713 oleo
655 2651 771 2730 legiferi
797 2651 898 2712 fratris
927 2651 1032 2716 dextra
1055 2656 1156 2734 perfu-

104 2757 130 2798 aa
145 2740 235 2822 derit,
264 2739 341 2801 filios
369 2742 433 2802 eius
462 2743 494 2801 in
525 2740 630 2802 similis
661 2741 752 2800 officii
778 2742 879 2801 munia
906 2758 1028 2822 vocans,
1057 2751 1159 2805 tamen

143 2831 237 2908 ipsius
266 2847 356 2908 super
382 2829 527 2890 Ithamare
562 2837 591 2890 et
622 2829 760 2890 Eleazaro
791 2828 963 2890 felicitatem
993 2829 1093 2892 Nadab
1126 2843 1157 2894 et

143 2917 220 2978 Abiu
249 2917 422 2979 fulminibus
452 2919 543 2979 afflati
573 2917 795 2998 decoloravere;
833 2936 959 2997 quorum
994 2921 1157 2998 quamlibet

144 3009 390 3086 interemptorum
404 3007 560 3068 credamus
574 3007 767 3068 absolvendas
782 3009 903 3087 animas,
917 3010 1037 3086 punitas
1056 3018 1157 3072 tamen

144 3097 255 3156 scimus
279 3114 344 3155 esse
367 3114 518 3174 personas.
555 3093 584 3156 4.
608 3115 660 3156 vos
680 3114 749 3156 vero
768 3098 877 3156 tacturi
899 3099 1036 3175 pagiuam
1055 3099 1156 3160 altaris

104 3205 130 3244 ao
145 3183 233 3265 nihil,
265 3190 298 3244 ut
336 3184 436 3265 audio,
469 3185 582 3246 offertis
612 3187 690 3264 ignis
727 3183 828 3264 alieni,
861 3185 913 3245 sed
946 3188 1156 3266 comitantibus

122 3357 131 3376 ⁸
215 3379 231 3426 a
250 3371 315 3426 neo
330 3373 364 3438 a,
384 3389 417 3427 eo
436 3375 462 3442 (e
480 3375 513 3427 aa
530 3389 584 3428 raa.
600 3377 617 3426 a
631 3374 683 3428 tre.
699 3372 906 3442 monachu
921 3378 954 3427 ιο
973 3373 1157 3430 arcusarcus

144 3445 172 3511 (a
190 3445 222 3499 io
239 3460 294 3498 ras.
313 3451 338 3498 et
360 3443 422 3497 laus
446 3461 466 3498 o.
487 3446 504 3499 l.
524 3443 731 3512 111111.ΜῆΜο
754 3446 764 3512 11
793 3448 825 3496 17
843 3443 868 3497 is
892 3448 937 3497 est
958 3446 1053 3516 culpo,
1080 3446 1104 3501 is
1127 3451 1158 3502 et

144 3515 237 3578 oodd.;
256 3531 294 3568 aa
313 3513 437 3567 seilicet?
456 3513 633 3580 Loctjohaoa
646 3517 655 3582 ΙΙ
670 3518 703 3567 18
722 3513 845 3568 antiolus
860 3515 952 3584 Lod,
972 3517 1106 3572 antiolius
1126 3521 1157 3588 (n

144 3586 175 3638 in
192 3584 430 3653 ros.M¹)M1126
450 3584 590 3638 Ithamare
609 3585 795 3654 Iacetjohann,
812 3584 936 3639 ithamar
954 3588 1029 3642 codd.
1045 3591 1054 3658 ΙΙ
