2636 4032
265 214 432 270 smomus
450 197 672 271 anonumum
691 217 759 273 suo
779 217 955 275 slturuu.
1056 219 1118 284 107

99 364 207 425 hibere
239 366 418 445 satietatem,
446 367 472 425 si
496 364 659 446 displicuit,
687 366 791 428 debuit
812 386 930 428 movere
959 369 1118 430 fastidium.

101 459 139 514 tu
162 461 270 535 autem,
293 454 434 533 quicquid
457 453 530 514 illud
550 462 604 534 est,
628 455 716 514 tidem
736 463 817 516 tuam
836 456 974 517 celeriter
992 456 1119 540 absolve,

99 559 151 623 ne,
175 545 201 602 si
224 545 384 622 repetitum
402 541 535 603 libellum
554 545 651 604 serius
670 543 795 605 reddere
813 563 909 626 paras,
932 547 1119 608 membranas

98 633 201 710 potius
224 632 352 692 videaris
376 649 474 692 amare
498 649 585 710 quarn
609 632 730 694 litteras,
768 633 839 694 vale.

581 874 638 940 III.

263 995 430 1052 SIDONIUS
451 996 673 1053 APOLLINARI
692 997 760 1053 SUO
781 997 957 1054 SALUTEM.
1144 1013 1157 1054 s

172 1107 200 1170 1.
225 1109 282 1170 Par
300 1117 364 1170 erat
383 1111 504 1189 quidem
523 1111 724 1190 garrulitatem
742 1119 874 1172 nostram
894 1113 1006 1173 silentii
1025 1117 1117 1174 vestri

100 1198 212 1259 talione
242 1199 361 1258 frenari.
413 1199 465 1259 sed
493 1202 633 1279 quoniam
660 1201 791 1279 perfecta
821 1201 941 1261 dilectio
969 1220 1028 1263 non
1056 1210 1117 1263 tam

101 1286 191 1347 debet
218 1285 364 1368 recolere,
393 1289 464 1366 quid
493 1289 658 1350 officiorum
687 1288 792 1369 solvat,
821 1308 909 1368 quam
936 1293 1117 1372 meminisse,

101 1375 174 1455 quid
198 1375 315 1456 debeat,
344 1378 535 1438 etiamnunc
559 1377 663 1438 laxatis
691 1378 886 1438 verecundiae
914 1379 1037 1441 habenis
1065 1380 1116 1441 ob·

101 1467 239 1543 sequium
267 1463 388 1543 alloquii
415 1467 598 1544 impudentis
626 1469 777 1527 iteramus.
828 1469 914 1529 cuius
941 1469 1116 1548 improbitas
1131 1493 1156 1533 ιο

100 1552 149 1613 vel
176 1553 245 1614 binc
273 1555 400 1614 maxime
429 1554 608 1636 dinoscitur,
640 1554 718 1635 quod
746 1558 860 1616 tacetis.
907 1575 1016 1636 ergone
1044 1559 1116 1638 quid

100 1648 235 1721 tempore
255 1642 425 1703 hostilitatis
444 1647 581 1725 ageretis,
605 1644 704 1724 irater,
728 1662 817 1704 nosse
836 1662 896 1706 nou
914 1643 1032 1707 merui?
1056 1648 1116 1707 dis-

101 1730 264 1791 simulastis
287 1731 404 1810 trepido
427 1751 481 1811 pro
501 1732 583 1793 vobis
603 1735 697 1793 amico
716 1731 763 1793 vel
782 1735 971 1794 securitatem
989 1735 1116 1813 prodere

99 1819 149 1879 vel
167 1817 326 1880 timorem?
363 1817 391 1880 2.
416 1821 488 1900 quid
507 1828 553 1882 est
571 1820 659 1902 aliud,
683 1823 710 1881 si
728 1824 894 1900 requirenti
912 1829 978 1883 tuas
998 1827 1116 1902 suppri-

99 1927 165 1969 mas
189 1911 328 1989 actiones,
357 1927 444 1988 quam
469 1913 616 1990 suspicari
639 1928 717 1991 eum,
741 1912 793 1989 qui
816 1913 860 1970 tui
884 1910 1028 1972 sollicitus
1052 1915 1114 1972 exi·
1129 1936 1154 1976 15

102 2003 174 2078 stat,
206 2005 257 2059 aut
289 2005 369 2058 certe
401 2016 462 2058 non
489 2002 660 2078 gavisurum
690 2002 851 2079 compertis
881 2003 1034 2079 prosperis
1065 2011 1116 2062 aut

100 2089 228 2167 tristem,
251 2088 278 2146 si
301 2086 418 2148 diversa
442 2090 596 2169 cesserint,
619 2107 679 2149 non
702 2085 857 2149 futurum?
898 2089 1024 2150 lacessat
1042 2090 1114 2152 baec

101 2174 227 2235 abonis
251 2176 383 2236 moribus
408 2178 568 2255 impietatis
597 2179 697 2256 opinio
725 2185 754 2237 et
777 2196 794 2237 a
817 2178 944 2239 candore
969 2197 1022 2240 suo
1046 2198 1115 2240 vera

101 2266 209 2324 caritas
227 2281 353 2325 naevum
371 2272 432 2324 tam
450 2267 576 2326 miserae
596 2268 775 2345 suspicionis
794 2265 935 2327 eliminet.
977 2286 1114 2350 namque,

101 2357 135 2412 ut
148 2351 271 2431 Crispus
285 2360 383 2414 vester
397 2353 533 2435 affirmat,
550 2355 643 2414 idem
661 2353 753 2414 velle
772 2361 877 2434 atque
896 2356 989 2416 idem
1002 2357 1113 2438 nolle,
1128 2382 1154 2422 20

102 2459 141 2500 ea
164 2441 299 2502 demum
326 2442 431 2502 firma
460 2445 619 2504 amicitia
647 2450 709 2504 est.
755 2440 784 2503 3.
808 2445 921 2505 interea
945 2447 971 2505 si
994 2445 1040 2506 vel
1063 2465 1114 2506 vos

100 2529 216 2610 valetis,
242 2529 318 2590 bene
342 2540 395 2592 est.
442 2549 496 2610 ego
520 2540 632 2612 autem,
662 2531 790 2593 infelicis
815 2535 1013 2595 conscientiae
1036 2535 1113 2596 mole

101 2618 269 2700 depressus,
291 2622 321 2678 vi
344 2618 473 2681 febrium
495 2639 591 2701 nuper
614 2629 780 2682 extremum
799 2621 903 2682 salutis
922 2625 1044 2704 accessi,
1068 2632 1113 2684 ut-

102 2714 170 2787 pote
194 2710 243 2769 cui
266 2708 474 2787 indignissimo
493 2717 591 2770 tantae
610 2711 806 2789 professionis
821 2710 937 2789 pondus
951 2713 1114 2789 impactum

101 2803 159 2877 est,
186 2799 239 2876 qui
260 2799 365 2878 miser,
393 2806 460 2858 ante
489 2797 659 2878 compulsus
688 2799 794 2859 docere
823 2817 911 2878 quam
939 2799 1055 2860 discere
1084 2808 1113 2861 et
1127 2825 1153 2866 aa

101 2892 167 2946 ante
190 2904 385 2964 praesumens
407 2885 518 2948 bonum
536 2887 708 2966 praedicare
728 2905 816 2966 quam
835 2887 940 2964 facere,
963 2895 1113 2967 tamquam

101 2973 210 3034 sterilis
233 2975 330 3055 arbor,
358 2993 426 3036 cum
449 2995 509 3036 non
532 2975 655 3037 habeam
683 2994 772 3056 opera
795 2994 849 3054 pro
872 2978 978 3058 pomis,
1006 2996 1112 3056 spargo

101 3062 188 3122 verba
207 3082 261 3142 pro
285 3063 373 3124 foliis.
409 3060 440 3125 4.
465 3065 543 3144 quod
566 3072 667 3144 restat,
691 3072 782 3144 orate,
804 3072 838 3125 ut
857 3082 963 3145 operae
982 3069 1113 3144 pretium

101 3152 147 3232 sit,
177 3152 255 3231 quod
284 3152 320 3213 ab
348 3153 465 3214 inferna
492 3154 706 3232 propemodum
733 3153 804 3213 sede
832 3156 1038 3236 remeavimus,
1065 3174 1112 3236 ne,

101 3241 127 3300 si
149 3241 180 3300 in
202 3243 372 3320 praeteritis
400 3243 575 3303 criminibus
603 3245 813 3323 manserimus,
841 3244 963 3322 incipiat
990 3243 1026 3304 ad
1049 3247 1111 3305 ani·
1126 3267 1152 3309 ao

171 3433 206 3482 20
225 3429 339 3484 Sallust.
356 3429 415 3484 Cat.
430 3447 452 3484 c.
469 3435 512 3500 20,
526 3435 551 3485 4.

132 3568 138 3580 ¹
173 3500 383 3628 qchqpprimas
398 3501 432 3571 L,
452 3501 610 3572 subprimas
629 3518 697 3556 corr.
717 3503 749 3557 in
768 3502 917 3572 supprimis
932 3503 983 3574 N¹,
1003 3505 1113 3575 suppri-

101 3587 154 3624 mas
