2628 4034
177 182 242 248 262
581 182 733 238 ΟΔΒΜΕΝ
752 184 785 240 V.

267 333 384 393 horruit
406 331 615 414 Hippomenes,
638 333 732 394 multo
756 335 807 413 qui
831 335 960 412 caespite
983 335 1059 394 circi

267 429 439 501 contemptu
462 425 644 500 praemissus
667 430 739 504 erat,
763 441 830 483 cum
854 424 984 482 carceris
1007 430 1095 483 antro

198 522 248 572 100
268 513 389 572 emicuit
411 512 517 590 pernix
540 511 650 590 populo
672 511 839 591 trepidante
863 513 973 593 virago,

265 599 309 660 nil
331 607 393 660 toto
416 607 530 660 tactura
554 600 655 681 gradu,
679 619 747 662 cum
770 599 896 679 pallidus
920 599 969 660 ille

265 691 430 768 respiceret
453 688 583 750 medium
606 697 674 768 post
697 707 728 750 se
752 688 927 750 decrescere
951 707 1089 768 eampum

266 785 296 838 et
319 777 421 856 longas
444 777 480 838 ad
504 780 588 856 signa
611 781 673 839 vias
696 777 826 858 flatuque
849 780 1016 857 propinquo

264 885 388 946 pressus
411 869 442 927 in
465 867 567 927 hostili
589 869 647 927 iam
671 874 806 928 curreret
829 869 933 927 anxius
956 866 1071 948 umbra,

200 967 249 1017 105
269 955 364 1016 donec
387 955 422 1016 ad
446 956 610 1017 anfractum
633 963 730 1017 metae
753 958 813 1017 iam
836 958 955 1035 iamque
977 956 1101 1018 relictus

269 1046 383 1105 concita
406 1052 453 1105 ter
477 1063 579 1123 sparso
603 1045 692 1124 fregit
714 1047 837 1123 vestigia
860 1063 957 1124 pomo.

268 1136 320 1212 qui
343 1133 423 1193 videt
445 1133 524 1195 hunc
548 1136 688 1216 equitem,
710 1133 859 1194 Ledaeum
882 1135 997 1213 spernit
1020 1134 1184 1197 alumnum

266 1242 300 1283 ac
323 1225 469 1303 iuvenem,
493 1222 688 1305 Stheneboea,
710 1230 803 1305 tuum,
828 1225 876 1284 cui
899 1229 982 1301 terga
1005 1231 1144 1286 vetustas

265 1313 386 1390 pennati
409 1310 533 1390 largitur
556 1315 625 1391 equi
648 1311 826 1392 Lyciamque
850 1311 1035 1373 Chimaeram

198 1412 248 1462 180
268 1418 356 1479 quem
380 1417 537 1479 superasse
561 1401 661 1482 refert,
684 1401 791 1462 vvvlnus
815 1419 882 1461 cum
906 1399 1026 1461 sustulit
1048 1420 1148 1464 unum

265 1497 328 1549 tres
351 1491 472 1550 animas.
518 1492 607 1550 vitam
630 1497 692 1551 tum
717 1493 743 1551 si
765 1488 822 1551 tibi
844 1490 903 1550 fata
926 1489 1088 1570 dedissent,

262 1577 423 1638 Maioriane
446 1579 540 1659 ferox,
562 1582 707 1640 vetuisses
730 1578 852 1640 Castora
875 1579 985 1658 frenos,

263 1666 413 1728 Pollucem
437 1675 562 1748 caestus,
585 1667 725 1729 Alconem
749 1666 862 1746 spicula
884 1685 982 1748 nosse,

264 1755 489 1817 Bellerofonteis
512 1756 708 1818 insultaturus
732 1759 848 1836 opimis.
1028 1825 1031 1832 Α

196 1857 246 1907 185
266 1848 293 1906 si
316 1844 445 1924 clipeum
468 1847 573 1928 capiat,
595 1848 687 1906 vincit
709 1845 868 1906 Telamone
891 1853 1033 1926 creatum,

265 1937 317 2013 qui
338 1952 453 2014 puppes
476 1937 555 1996 inter
578 1934 680 1996 Graias
705 1942 807 1996 contra
830 1934 965 1995 Hectoris
989 1937 1091 2013 ignem

265 2025 360 2102 ipsam
384 2025 472 2084 etiam
496 2023 581 2085 infidi
603 2024 728 2085 classem
752 2023 885 2084 defendit
906 2022 1009 2083 Ulixis.

263 2111 377 2172 missile
401 2114 427 2172 si
451 2119 560 2190 quanto
583 2113 729 2174 iaculetur
751 2112 883 2192 pondere
906 2114 1034 2192 quaeris,

264 2203 385 2278 segnius
408 2202 538 2262 insertae
562 2203 714 2281 trepidans
738 2220 792 2281 pro
816 2202 894 2262 fasce
918 2200 1058 2262 Camillae

194 2301 245 2350 190
264 2291 396 2350 excussit
417 2288 510 2349 telum
532 2289 675 2371 Metabus,
698 2309 754 2351 nec
777 2289 896 2351 turbine
918 2296 1000 2350 tanto

263 2377 388 2439 stridula
410 2377 528 2440 Pelidae
551 2398 605 2459 per
628 2379 749 2441 Troilon
773 2381 846 2440 exiit
869 2397 973 2459 ornus3

263 2485 317 2527 nec
342 2469 384 2528 sic
407 2467 532 2528 heroum
555 2468 720 2530 tardantem
743 2467 830 2529 busta
853 2468 1011 2529 Creontem

262 2555 377 2616 Atticus
400 2555 526 2635 Aegides
549 2560 630 2637 rupit
652 2557 854 2619 Marathonide
878 2575 1003 2637 quercu3

262 2664 318 2705 nec
342 2647 385 2705 sic
408 2648 551 2706 intortum
574 2647 698 2708 violatae
721 2645 894 2707 Phoebados
917 2644 1009 2706 ultrix

194 2745 244 2796 195
263 2735 295 2793 in
317 2733 432 2795 Danaos
456 2735 567 2796 fulmen
590 2738 669 2816 iecit,
693 2754 760 2796 cum
784 2734 906 2796 Graecia
929 2733 1034 2796 Troiae

263 2830 380 2883 noctem
403 2823 507 2884 babuit
531 2824 717 2904 similemque
740 2825 835 2885 facem
858 2825 993 2903 fixusque
1017 2822 1135 2884 Caferei

263 2910 398 2973 cautibus
421 2915 500 2974 inter
523 2932 614 2993 aquas
637 2913 784 2974 flammam
808 2912 943 2974 ructabat
966 2910 1076 2972 Oileus.

262 3019 351 3079 parva
365 3000 479 3081 loquor.
517 3003 587 3081 quid
607 3002 694 3083 quod,
714 3004 852 3082 quotiens
870 3001 925 3062 tibi
943 2999 1019 3062 bella
1034 3008 1189 3085 geruntur,

263 3088 437 3170 discipulus,
461 3109 521 3151 non
543 3091 630 3152 miles
654 3089 761 3152 adest?
784 3099 813 3151 et
837 3091 922 3170 tingit
944 3089 1108 3150 alumnum:

192 3189 244 3239 200
263 3178 396 3239 aemulus
420 3186 540 3240 econtra
563 3187 684 3260 spectat.
731 3180 808 3260 quod
833 3182 949 3261 viceris,
973 3180 1035 3240 odit

247 3407 298 3456 169
318 3405 480 3472 contemplo
501 3405 554 3458 CT
559 3403 595 3471 F,
614 3405 745 3459 contento
764 3405 792 3459 P
812 3407 821 3474 l
845 3409 897 3460 180
916 3402 1043 3475 sustulit]
1064 3403 1184 3474 subripit

173 3472 366 3612 eTi'lhpqscipii
385 3472 543 3544 rboPFq
560 3481 609 3529 194
627 3473 748 3529 viciatus
763 3475 811 3544 M,·
830 3476 864 3543 ef.
878 3493 901 3531 0.
921 3475 988 3544 VII,
1002 3476 1059 3543 ⁶2l
1076 3481 1125 3529 199
1144 3478 1182 3548 el]
