2610 4056
318 235 485 292 SIDONIUS
503 235 658 292 FIRMINO
679 235 746 292 SUO
766 234 944 291 SALUTEM.
1069 234 1135 300 235

261 397 276 447 5
301 385 393 446 Solvit
417 393 585 468 antemnas,
607 385 679 464 legit
701 385 758 446 alta
782 385 859 466 vela,

303 474 460 554 palmulam
483 478 567 554 ponit
589 493 708 555 manus,
732 481 820 553 atque
843 476 982 535 transtris

303 563 384 624 litori
407 565 517 624 iunctis
540 567 616 643 petit
638 563 828 634 osculandam

423 652 515 713 saltus
538 652 687 713 harenam.

302 793 463 855 Mussitans
487 813 666 874 quamquam
690 794 798 855 chorus
822 793 991 854 invidorum
1018 857 1019 862 γ

243 896 276 945 10
299 883 405 963 prodat
426 883 536 944 hirritu
558 883 672 944 rabiem
695 886 814 964 canino,

302 972 345 1032 nil
367 971 463 1052 palam
486 990 556 1032 sane
580 971 713 1051 loquitur
734 979 880 1051 pavetque

421 1060 539 1140 publica
562 1067 679 1139 puncta.

301 1202 464 1264 Verberant
485 1203 622 1283 puppim,
647 1205 784 1281 quatiunt
806 1204 950 1280 carinam,

300 1291 442 1352 ventilant
465 1291 593 1370 spondas
617 1291 743 1352 laterum
766 1291 922 1371 rotundas,

242 1391 274 1441 15
298 1380 435 1441 arborem
458 1383 536 1440 circa
559 1379 682 1439 volitant
705 1382 843 1440 sinistrae
955 1415 956 1418 =

422 1468 508 1529 sibila
531 1468 656 1548 linguae.

298 1610 361 1672 Nos
384 1619 483 1672 tamen
506 1618 617 1671 rectam
641 1612 749 1670 comite
773 1616 836 1669 arte
859 1627 992 1689 proram,

300 1699 342 1761 nil
365 1707 565 1761 tumescentes
587 1701 675 1760 veriti
698 1697 856 1778 procellas,

301 1791 434 1850 sistimus
457 1796 558 1871 portu,
582 1791 716 1866 geminae
738 1788 826 1866 potiti

242 1891 277 1940 20
424 1878 528 1938 fronde
552 1895 692 1958 coronae,

301 2019 394 2091 Quam
417 2020 490 2079 mihi
513 2019 636 2080 indulsit
658 2017 785 2098 populus
809 2017 939 2098 Quirini,
972 2055 987 2086 e

301 2108 431 2169 blattifer
454 2108 500 2169 vel
524 2127 613 2188 quam
634 2108 740 2169 tribuit
763 2113 896 2188 senatuS,

300 2216 388 2276 quam
410 2200 575 2276 peritorum
598 2197 681 2258 dedit
704 2197 776 2257 ordo
800 2214 922 2257 consors

419 2287 611 2367 iudiciorum,

240 2440 273 2490 25
297 2428 371 2489 Cum
394 2431 470 2488 meis
493 2432 565 2507 poni
588 2435 713 2489 statuam
736 2446 899 2507 perennem

300 2516 396 2578 Nerva
419 2517 564 2578 Traianus
587 2517 682 2577 titulis
705 2516 833 2597 videret,

299 2608 378 2666 inter
401 2613 536 2667 auctores
560 2608 717 2684 utriusque
740 2605 829 2665 fixam

419 2694 630 2776 bibliothecam

299 2835 451 2915 Quamque
474 2844 557 2917 post,
579 2839 661 2898 visus
684 2853 790 2916 prope,
813 2841 881 2913 post
903 2835 1028 2896 bilustre

240 2937 274 2986 30
297 2932 415 3003 tempus
439 2928 553 3005 accepi,
576 2928 696 3004 capiens
719 2924 876 3005 honorem,

300 3015 352 3091 qui
374 3020 491 3092 patrum
514 3033 548 3074 ao
571 3014 666 3094 plebis
690 3012 778 3074 simul
797 3031 874 3073 unus
899 3013 969 3074 olim

418 3105 483 3163 iura
507 3102 658 3181 gubernat.

298 3243 419 3305 Praeter
441 3244 549 3306 heroos
572 3247 637 3305 ioca
660 3244 752 3305 multa
774 3243 876 3304 multis

298 3336 380 3395 texui
398 3337 518 3415 pannis3
542 3333 640 3413 elegos
664 3335 836 3412 frequenter

188 3541 214 3577 v⁴
230 3526 246 3576 ὅ
265 3521 352 3578 solvit
369 3523 404 3595 (it
421 3525 453 3579 io
465 3541 520 3580 ras.
536 3523 641 3592 M¹)M‚
661 3523 754 3578 solvat
768 3523 809 3592 01
825 3521 904 3592 leget
919 3523 943 3578 0
958 3529 984 3578 ct
1002 3526 1082 3592 (corr.
1097 3525 1130 3578 io

120 3590 189 3663 legit
207 3594 309 3662 M¹)M
318 3598 327 3667 ΙΙ
340 3614 366 3650 r.
382 3601 416 3678 33
434 3595 535 3651 heroos
555 3595 585 3665 0,
603 3594 703 3650 heroes
724 3595 761 3665 F,
780 3594 897 3650 choreos
916 3594 1003 3667 ΜΡΙΙ
