2628 4034
172 193 237 258 272
577 191 730 248 CARMEN
748 192 781 248 V.

263 345 372 404 excitat
395 341 537 422 Odrysios
560 341 596 402 ad
620 341 751 402 marcida
773 349 911 420 tympana
934 349 1054 421 mystas.

262 441 295 494 tu
318 439 418 492 tamen
440 431 517 491 bane
540 431 642 492 differs
665 448 805 510 poenam,
829 430 881 490 sed
906 433 1060 509 sanguinis
1085 440 1205 493 auctor

192 533 244 583 500
262 523 397 602 maioris,
421 520 491 581 dum
514 522 626 600 parcis,
649 537 723 580 eras.
765 537 825 580 nen
848 519 972 598 pertulit
994 519 1073 580 ultra

260 611 317 670 hoc
339 627 394 689 pro
417 616 447 669 te
469 608 536 688 plus
561 615 645 670 cauta
668 627 774 669 manus
798 617 989 687 vestrumque
1013 609 1166 687 pudorem

263 701 374 778 sprevit
396 717 451 778 pro
477 697 573 778 robis3
597 699 687 776 primi
710 697 788 758 cadit
811 697 907 758 bestia
930 695 1017 779 belli,

263 789 389 867 quisque
412 785 533 847 rebellis
557 793 628 848 erat.
674 785 813 865 praedam
843 804 960 865 quoque
988 785 1098 847 dividis
1122 787 1202 870 illis,
1298 829 1299 840 1

262 894 346 936 mens
370 876 474 936 devota
499 874 607 955 quibus
630 876 738 936 suerat:
762 893 838 954 quae
860 877 966 936 territa
990 878 1083 936 servit

193 977 246 1027 505
266 964 414 1045 exemplo,
438 964 545 1043 gaudet
568 966 673 1043 pretio.
718 963 886 1024 Pharsalica
909 962 1018 1024 Caesar

266 1073 334 1114 arva
356 1059 462 1132 petens
486 1052 599 1114 subitas
622 1053 701 1113 ferro
725 1055 909 1132 compescuit
932 1054 1005 1134 iras3

266 1143 318 1204 sed
342 1161 394 1204 sua
418 1141 551 1202 membra
575 1159 678 1202 secans
702 1149 732 1202 et
754 1160 860 1202 causae
883 1139 960 1201 mole
985 1148 1105 1202 coactus

264 1231 357 1311 flevit,
381 1249 455 1310 quos
478 1232 611 1311 perimit3
635 1232 742 1291 vestris
765 1230 838 1291 baec
860 1230 978 1309 proiicit
1001 1233 1093 1291 armis

265 1320 385 1381 seditio:
410 1320 616 1400 quodcumque
640 1318 739 1401 iubes,
762 1321 821 1380 nisi
843 1318 987 1380 barbarus
1011 1319 1108 1400 audit,

193 1420 247 1470 510
266 1409 315 1469 bie
338 1409 429 1490 cadit,
452 1415 486 1470 ut
508 1408 594 1469 miles
617 1410 728 1470 timeat.
774 1410 833 1469 iam
855 1415 989 1487 tempore
1012 1406 1140 1470 brumae

264 1497 352 1578 Alpes
375 1516 556 1558 marmoreas
580 1504 666 1576 atque
691 1499 879 1558 occurrentia
902 1499 1002 1557 iuncto

267 1605 336 1648 saxa
358 1586 426 1666 0010
450 1605 599 1666 rupesque
623 1588 693 1646 vitri
717 1588 885 1666 siccamque
908 1588 1055 1646 minantes

263 1694 317 1755 000
341 1675 478 1755 00000100
502 1674 631 1754 pluviam
653 1676 769 1754 primus
791 1675 866 1754 pede
891 1677 989 1753 carpis
1012 1682 1042 1734 et
1065 1674 1150 1735 idem

266 1764 380 1825 lubrica
403 1767 568 1844 praemisso
592 1765 692 1824 firmas
716 1766 839 1843 vestigia
863 1771 958 1824 conto.

196 1867 248 1916 515
267 1860 405 1932 coeperat
428 1853 464 1914 ad
486 1854 571 1932 rupis
594 1852 725 1914 medium
750 1871 823 1932 quae
846 1855 973 1913 maxima
995 1851 1083 1912 turba
1108 1860 1159 1914 est

263 1945 381 2003 interno
406 1941 541 2022 squalere
565 1941 645 2021 gelu,
670 1941 748 2021 quod
772 1940 846 2002 colle
870 1943 976 2021 supino

266 2033 368 2092 artatis
392 2030 531 2091 conclusa
554 2033 610 2091 viis
633 2037 751 2109 reptare
775 2032 884 2110 rigenti

263 2138 322 2181 non
345 2126 461 2198 poterat
483 2117 615 2181 revoluta
639 2118 719 2180 solo:
743 2120 804 2180 lors
828 2138 905 2180 unus
929 2119 964 2179 ab
988 2117 1038 2178 illo

263 2211 395 2288 agmine,
419 2215 573 2268 canentem
597 2210 681 2269 euius
705 2215 769 2268 rota
792 2210 915 2268 triverat.
937 2207 1088 2289 Histrum,

192 2310 244 2360 520
264 2297 419 2358 exclamat:
444 2292 567 2374 ‘gladios
591 2296 667 2357 malo
691 2305 721 2358 et
745 2295 887 2358 sollemne
911 2299 1010 2376 quieta

264 2385 342 2466 quod
365 2386 459 2464 frigus
482 2384 518 2445 de
541 2394 637 2446 morte
660 2388 752 2467 venit3
776 2404 841 2446 mea
864 2393 966 2465 torpor
989 2387 1080 2446 inerti

262 2474 395 2535 membra
418 2476 515 2553 rigore
539 2474 623 2557 ligat,
647 2475 773 2554 quodam
796 2475 870 2535 mibi
893 2493 1001 2554 corpus
1025 2473 1169 2535 adustum

263 2565 383 2643 frigoris
406 2565 474 2642 igne
497 2565 583 2642 perit.
630 2565 783 2642 sequimur
807 2566 871 2624 sine
895 2564 953 2624 fine
977 2563 1072 2623 labori
1156 2597 1159 2604 »

262 2655 422 2713 instantem
445 2655 595 2733 iuvencm3
619 2654 755 2732 quisquis
778 2652 959 2713 fortissimus
983 2651 1031 2712 ille
1056 2659 1102 2712 est

192 2754 244 2804 525
264 2750 314 2803 aut
337 2761 388 2802 rex
413 2749 464 2802 aut
486 2741 626 2821 populus,
650 2743 756 2802 castris
779 2741 867 2801 modo
893 2741 1010 2802 clausus
1034 2743 1137 2819 aprica

264 2830 310 2892 vel
333 2831 388 2891 sub
411 2830 488 2909 pelle
512 2833 601 2910 iacet3
625 2848 679 2890 nos
703 2832 773 2891 anni
797 2833 939 2891 vertimus
963 2849 1058 2890 usum.

264 2919 343 2999 quod
366 2919 450 2979 iubet
467 2920 529 3000 hic,
552 2918 599 2980 lex
618 2917 708 2979 rebus
728 2921 797 3000 crit3
821 2937 880 2980 non
899 2919 1029 2980 flectitur
1046 2937 1194 2997 umquam

264 3027 281 3068 a
304 3011 417 3087 coeptis
441 3007 640 3088 damnumque
664 3015 762 3089 putat,
785 3009 811 3068 si
834 3010 987 3088 temporis.
1000 3010 1060 3067 iras

265 3097 311 3158 vel
334 3115 389 3176 per
411 3097 517 3157 damna
540 3099 634 3157 timet.
681 3116 737 3176 qua
762 3097 857 3157 dicam
881 3103 968 3176 gente
992 3103 1140 3178 creatum,

193 3198 246 3247 530
265 3204 354 3266 quem
378 3185 485 3265 Scytha
508 3204 568 3246 nen
591 3183 709 3265 patior?
750 3188 835 3247 cuius
858 3185 903 3246 lac
927 3185 1043 3264 tigridis
1067 3186 1169 3247 inians

265 3275 399 3355 Hyrcana
423 3274 478 3335 sub
502 3293 575 3353 rupe
599 3271 697 3335 bibit?
738 3292 813 3353 quae
837 3274 957 3335 sustulit
980 3276 1069 3334 istum

265 3383 318 3424 axe
343 3382 408 3423 mec
433 3365 550 3441 gravior
567 3360 679 3424 tellus?
720 3382 758 3424 en
780 3366 891 3424 vertice
916 3381 1030 3424 summo

250 3555 302 3604 508
321 3550 446 3622 perimit]
465 3550 543 3605 feriit
563 3552 599 3606 M
609 3552 619 3620 l
633 3556 686 3605 510
704 3551 770 3605 hinc
788 3551 911 3622 11111522
931 3551 1073 3620 quondam
1090 3552 1174 3607 OPT
1186 3578 1195 3624 q
