2628 4034
172 191 237 258 336
546 187 698 244 CARMEN
716 188 815 243 XXIII.

239 337 269 402 5.
300 339 391 420 Ecce,
428 340 564 418 quotiens
596 337 652 398 tibi
683 337 804 398 libuerit
836 339 946 416 pateris
979 337 1204 416 capacioribus

172 430 299 491 hilarare
323 430 503 508 convivium,
525 429 607 506 misi,
631 426 710 505 quod
733 429 812 486 inter
832 425 958 505 scyphos
977 434 1008 487 et
1026 427 1204 506 amystidas

172 527 239 580 tuas
261 518 349 597 legas.
396 516 569 578 subveneris
599 515 794 576 verecundiae
822 533 919 595 meae,
953 517 979 575 si
1011 517 1043 574 in
1072 515 1203 576 sobrias

174 626 261 669 aures
288 610 344 668 ista
373 624 434 666 non
462 608 610 686 venerint3
638 623 693 665 nec
723 605 830 664 iniuria
854 603 911 664 hoc
930 622 963 664 ac
988 623 1075 665 secus
1100 612 1201 683 atque

145 715 301 775 uaequum
326 702 371 756 est
398 695 511 776 flagito,
538 692 779 773 quandoquidem
806 691 920 753 Baccho
948 710 1015 752 meo
1044 693 1201 754 iudicium

174 784 369 846 decemvirale
396 802 521 863 passuro
549 783 755 862 tempestivius
784 799 871 860 quam
895 783 1034 842 convenIt
1057 781 1200 842 tribunal

175 875 307 953 erigitur.
345 871 374 935 6.
399 875 424 932 si
439 874 506 951 quis
521 879 619 933 autem
639 889 758 931 carmen
772 869 917 949 prolixius
933 877 1056 931 eatenus
1070 871 1201 932 duxerit

177 982 243 1024 esse
267 961 460 1043 culpandum,
484 961 562 1040 quod
581 961 802 1040 epigrammatis
820 961 983 1020 excesserit
1000 961 1199 1041 paucitatem,

177 1055 268 1113 istum
291 1049 403 1129 liquido
421 1057 503 1130 patet
521 1068 617 1128 neque
636 1049 756 1108 balneas
774 1048 893 1108 Etrusci
911 1065 1008 1126 neque
1031 1047 1200 1109 Herculem

137 1165 162 1204 ιο
177 1141 387 1202 Surrentinum
410 1157 507 1218 neque
531 1156 630 1199 comas
658 1137 750 1197 Flavii
772 1136 875 1197 Earini
897 1154 994 1216 neque
1017 1137 1112 1198 Tibur
1134 1138 1199 1197 Vo-

176 1231 253 1310 pisci
284 1247 381 1308 neque
415 1230 534 1288 omnino
566 1230 723 1306 quicquam
752 1226 788 1287 de
816 1225 931 1305 Papinii
958 1228 1054 1287 nostri
1077 1226 1200 1287 silualis
1250 1219 1253 1222 ’

176 1319 339 1399 lectitasse,
368 1336 441 1396 quas
469 1335 572 1377 omncs
600 1316 816 1394 descriptiones
848 1317 894 1374 vir
924 1313 974 1374 ille
1006 1316 1200 1395 praeiudica-

177 1409 312 1468 tissimus
334 1425 394 1466 non
418 1405 613 1467 distichorum
633 1411 683 1465 aut
700 1403 941 1464 tetrastichorum
961 1405 1081 1482 stringit
1099 1422 1200 1483 angu-

144 1560 150 1574 ,
178 1499 258 1576 stiiS,
293 1496 345 1556 sed
377 1497 490 1576 potiuS,
530 1501 563 1555 ut
595 1493 705 1573 lyricus
736 1491 859 1552 Flaccus
891 1494 922 1552 in
953 1494 1025 1553 artis
1057 1495 1201 1572 poeticae
1295 1539 1296 1546 κ

139 1585 326 1647 revolumina
353 1586 511 1664 praecipit,
546 1582 647 1643 multis
679 1581 834 1659 isdemque
866 1583 1026 1660 purpureis
1058 1581 1202 1642 locorum

179 1675 380 1736 communium
404 1675 509 1752 pannis
534 1671 625 1733 semel
649 1671 800 1732 inchoatas
823 1672 963 1730 materias
982 1669 1125 1731 decenter
1145 1690 1203 1732 ex·

179 1762 283 1824 tendit.
329 1762 402 1823 haec
425 1781 472 1822 me
496 1762 531 1822 ad
556 1761 737 1822 defensionis
760 1758 928 1838 exemplum
951 1761 1087 1838 posuisse
1113 1762 1202 1821 sulli-

180 1854 251 1933 ciat,
283 1869 320 1911 ne
350 1851 423 1911 haec
456 1853 520 1930 ipsa
552 1849 746 1928 longitudinis
779 1848 947 1926 deprecatio
979 1847 1065 1926 longa
1095 1850 1203 1910 videa-

179 1948 235 2001 tur.
276 1939 348 2001 vale.

627 2109 746 2176 XXIII.

526 2232 575 2286 AD
595 2231 839 2288 CONSENTIUM.

387 2346 460 2407 Cum
483 2349 542 2407 iam
564 2365 618 2426 pro
641 2348 757 2407 meritis
780 2348 841 2407 tuis
864 2363 1013 2425 pararem,

342 2435 495 2516 Consenti,
518 2434 654 2496 columen
677 2436 827 2514 decusque
850 2452 980 2514 morum,

341 2532 457 2586 vestrae
481 2524 616 2585 laudibus
639 2523 847 2604 hospitalitatis

342 2622 461 2675 cantum
484 2613 656 2692 Impendere
679 2614 818 2693 pauperis
842 2614 970 2692 cicutae,

308 2702 420 2765 cultro
444 2706 475 2764 in
499 2704 630 2763 carmina
652 2709 686 2762 tu
708 2701 809 2762 tubam
833 2700 989 2762 recludens

344 2810 485 2853 converso
510 2791 613 2851 ordine
636 2790 772 2851 versibus
796 2791 894 2850 citasti

344 2889 460 2941 suetum
483 2880 586 2941 ludere
606 2881 649 2940 sic
676 2881 769 2959 magis
794 2877 931 2939 sodalem.

343 2976 428 3049 paret
449 2969 532 3030 Musa
555 2969 626 3050 tibi,
650 2969 701 3029 sed
725 2967 929 3046 impudentem

344 3058 436 3120 multo
460 3061 576 3119 cautius
599 3058 669 3118 hinc
693 3056 793 3118 stilum
817 3055 959 3136 movebit,

294 3161 324 3209 10
343 3165 410 3208 nam
435 3166 502 3208 cum
526 3148 656 3208 carmina
678 3145 810 3226 postules
833 3145 959 3226 diserte,

346 3237 451 3297 suades
476 3235 622 3316 scribere,
646 3235 697 3296 sed
718 3235 790 3295 lacis
813 3240 920 3294 tacere.

258 3413 273 3462 'i
293 3407 396 3461 dixerit
415 3409 441 3462 Τ
461 3411 471 3477 ΙΙ
493 3411 509 3459 8
529 3424 567 3461 aaa
585 3405 767 3475 parcitatem?
790 3407 799 3474 ΙΙ
825 3410 856 3458 10
876 3420 970 3459 comos
989 3401 1081 3456 Flavii
1100 3403 1214 3472 Earini¹

185 3479 339 3546 Sirmcnd.;
357 3495 452 3531 cumas
471 3477 549 3530 flavii
567 3476 652 3530 larini
666 3478 742 3532 codd.
757 3481 766 3546 l}
782 3481 813 3529 14
833 3475 933 3531 Horat.
949 3493 974 3530 a.
986 3492 1014 3543 p.
1031 3479 1130 3545 quq.
1151 3479 1195 3546 (cs.

187 3550 303 3618 (temler,
321 3551 353 3604 dc
371 3550 425 3618 Ap.
441 3548 499 3603 sta.
513 3549 613 3602 stodiis
628 3566 657 3617 p.
673 3553 707 3602 14
727 3549 791 3602 oda.
807 3550 860 3616 2)l
