2636 4032
283 201 452 259 SIDONlUS
470 201 691 275 APOLLINARI
710 203 778 259 SUO
798 202 975 260 SALUTEM.
1074 205 1137 271 109

118 355 270 415 sermonis
297 360 327 413 te
356 351 526 414 Germanici
553 354 688 413 notitiam
716 359 797 414 tanta
825 352 964 416 facilitate
992 356 1136 434 rapuisse.

117 442 151 506 2.
181 444 264 522 atqui
295 443 455 522 pueritiam
482 449 562 502 tuam
595 448 799 520 competenter
826 442 936 504 scholis
964 442 1137 505 liberalibus

116 533 245 594 memini
277 529 421 592 imbutam
453 537 484 591 et
516 549 730 610 saepenumero
762 532 871 592 acriter
903 532 1136 612 eloquenterque

118 621 305 682 declamasse
328 637 429 680 coram
457 626 573 680 oratore
597 621 669 680 satis
691 619 785 681 habeo
809 627 1003 701 compertum.
1049 629 1136 701 atque

116 711 195 771 haec
226 727 294 770 cum
321 710 363 769 ita
391 710 464 789 sint,
497 707 584 769 velim
612 708 708 789 dicas,
739 709 817 770 unde
847 709 944 770 subito
972 710 1136 772 hauserunt
1163 725 1176 765 5

117 805 243 879 pectora
266 803 317 858 tua
340 797 518 876 euphoniam
541 799 638 876 gentis
662 797 784 880 alienae,
807 805 841 859 ut
862 798 949 858 modo
974 799 1047 859 mihi
1069 806 1137 878 post

117 885 233 950 ferulas
266 885 403 948 lectionis
430 885 617 947 Maronianae
649 893 776 966 postque
808 886 981 948 desudatam
1010 889 1138 948 varicosi

118 977 273 1056 Arpinatis
311 975 492 1055 opulentiam
526 975 793 1056 loquacitatemque
830 978 916 1056 quasi
952 976 989 1037 de
1025 975 1136 1037 harilao

119 1074 223 1126 vetere
242 1082 336 1125 novus
356 1063 430 1125 falco
444 1061 643 1144 prorumpas?
680 1063 709 1128 3.
729 1067 880 1126 aestimari
894 1067 1015 1126 minime
1029 1072 1136 1146 potest,

120 1161 233 1234 quanto
256 1153 330 1214 mihi
353 1155 520 1232 ceterisque
543 1155 583 1214 sit
605 1155 692 1234 risui,
716 1157 853 1234 quotiens
876 1154 977 1235 audio,
1006 1154 1084 1233 quod
1107 1161 1177 1214 te1o

120 1249 280 1323 praesente
303 1242 443 1304 formidet
465 1241 582 1321 linguae
607 1261 677 1303 suae
700 1243 798 1304 facere
821 1242 965 1305 barbarus
988 1242 1135 1304 barbaris-

120 1349 213 1393 mum.
259 1331 396 1411 adstupet
423 1331 478 1392 tihi
502 1330 644 1410 epistulas
671 1334 882 1412 interpretanti
904 1351 993 1394 curva
1016 1330 1136 1392 Germa·

122 1439 230 1482 norum
253 1428 392 1482 senectus
415 1427 446 1480 et
467 1422 595 1500 negotiis
622 1423 734 1482 mutuis
761 1421 906 1482 arbitrum
933 1428 962 1483 te
990 1421 1136 1501 discepta-

123 1517 279 1589 toremque
303 1510 440 1571 desumit.
481 1527 576 1570 novus
594 1509 839 1588 burgundionum
858 1509 948 1571 Solon
970 1513 1002 1570 in
1020 1509 1136 1590 legibus

122 1597 318 1679 disserendis,
345 1617 440 1658 novus
462 1598 610 1678 Amphion
632 1601 663 1658 in
687 1598 822 1680 citharis,
850 1599 902 1660 sed
925 1599 1177 1680 trichordibuS,1⁵

123 1686 324 1767 temperandis
339 1689 447 1747 amaris
461 1687 669 1768 frequentaris
693 1690 841 1766 expeteris
860 1687 998 1768 oblectas,
1017 1687 1136 1767 eligeris

123 1775 284 1857 adhiberis,
306 1775 443 1837 decernis
467 1776 587 1836 audiris.
634 1783 664 1836 et
687 1795 864 1856 quamquam
887 1793 980 1855 aeque
1004 1778 1136 1855 corpori-

122 1864 180 1926 bus
203 1884 237 1926 ac
261 1883 351 1925 sensu
374 1865 463 1944 rigidi
482 1867 542 1925 sint
559 1864 797 1947 indolatilesque,
821 1865 1039 1945 amplectuntur
1057 1867 1089 1925 in
1107 1873 1135 1926 te

121 1956 236 2034 pariter
255 1961 284 2014 et
302 1953 422 2015 discunt
441 1971 610 2014 sermonem
627 1955 765 2035 patrium,
790 1972 841 2015 cor
857 1954 1002 2015 Latinum.
1039 1951 1069 2015 4.
1090 1972 1136 2014 re-

123 2050 182 2104 stat
203 2043 259 2104 hoc
282 2061 384 2123 unum,
406 2046 452 2104 vir
474 2043 663 2125 facetissime,
685 2050 718 2104 ut
736 2043 828 2104 nihilo
847 2045 977 2124 segnius,
1001 2042 1046 2103 vel
1065 2061 1133 2104 cum
1149 2059 1175 2098 so

121 2131 245 2212 vacabit,
268 2132 379 2211 ahquid
402 2131 523 2193 lectioni
545 2133 646 2212 operis
668 2132 822 2213 impendas
843 2132 1052 2211 custodiasque
1071 2132 1136 2212 boc,

122 2227 210 2301 prout
224 2239 256 2281 cs
271 2220 518 2302 elegantissimus,
541 2227 817 2303 temperamentum,
835 2230 869 2284 ut
886 2225 943 2284 ista
961 2220 1017 2282 tibi
1036 2221 1135 2301 lingua

122 2317 326 2392 teneamque
350 2310 485 2391 ridearis,
509 2309 558 2370 illa
581 2318 764 2392 exerceatur,
786 2320 820 2373 ut
842 2312 949 2372 rideas.
995 2309 1067 2371 vale.

600 2535 656 2602 VI.

281 2656 450 2713 ulbordus
467 2658 690 2715 APOLLINARI
709 2658 777 2715 SUO
797 2658 974 2716 SALUTEM.

190 2768 217 2832 1.
245 2771 320 2832 Cum
343 2774 473 2851 primum
496 2779 591 2832 aestas
618 2772 747 2834 decessit
770 2781 911 2834 autumno
935 2781 965 2834 et
986 2772 1132 2833 Arverno·
1148 2788 1174 2828 ss

123 2879 189 2920 rum
211 2863 302 2921 timor
324 2863 421 2940 potuit
439 2861 652 2942 aliquantisper
670 2863 784 2923 ratione
803 2864 947 2941 temporis
966 2863 1135 2941 temperari,

123 2949 264 3010 Viennam
291 2952 371 3031 veni,
399 2949 451 3010 nbi
474 2950 694 3032 Thaumastum,
724 2968 898 3030 germanum
925 2957 1018 3030 tuum,
1046 2968 1135 3029 quem

123 3057 175 3118 pro
199 3041 264 3100 iure
288 3038 334 3099 vel
362 3041 515 3118 sanguinis
543 3038 589 3100 vel
617 3042 722 3101 aetatis
748 3040 910 3101 reverenda
937 3038 1134 3100 familiaritate

195 3214 211 3263 8
229 3209 339 3264 harilao
362 3210 429 3264 ΒΝ
430 3211 466 3280 Τ,
492 3210 537 3265 vel
560 3209 662 3264 hilario
683 3227 705 3266 r.
725 3212 742 3265 i.
762 3212 826 3266 odd.
847 3211 892 3279 Pl,
917 3209 1020 3264 hilario
1039 3209 1104 3265 Mc
1122 3212 1131 3280 ΙΙ

125 3285 140 3334 9
159 3278 231 3334 falco
251 3285 371 3351 (poruemr
384 3279 399 3334 f
413 3283 446 3336 in
462 3299 517 3337 ras.
533 3280 648 3350 Μ’)Μ,
664 3299 723 3338 our.
738 3283 796 3338 tect.
815 3300 834 3336 o
848 3282 895 3338 ΙΨ
912 3298 933 3337 a.
948 3283 966 3337 l.
981 3282 1045 3337 add.
1064 3298 1134 3337 crue.

125 3350 182 3419 Μ’,
207 3351 301 3406 fulcho
321 3353 358 3422 Τ,
384 3353 484 3406 faccho
503 3353 542 3421 L,
570 3352 657 3406 flacco
677 3355 700 3407 0
721 3359 747 3409 et
764 3355 796 3408 in
813 3371 898 3425 uterq.
919 3351 972 3419 T¹,·
999 3352 1081 3421 quasi
1099 3353 1134 3406 de

127 3421 240 3491 Syagrio
259 3425 353 3477 vetere
373 3440 461 3478 nouus
480 3425 586 3478 Franco
609 3440 774 3494 prorumpas
794 3424 903 3481 Gobries
920 3441 955 3480 eac
972 3441 1020 3480 nas.
1040 3423 1134 3480 Claro·

124 3496 294 3550 moctoueusi
306 3496 316 3564 ΙΙ
330 3500 362 3549 21
383 3510 485 3564 operae
504 3495 681 3564 Imetiobucu
697 3498 707 3565 11
725 3499 759 3550 23
778 3496 873 3552 valeas
893 3496 917 3552 0
926 3498 936 3565 ΙΙ
950 3502 984 3551 28
1002 3512 1041 3552 oc
1058 3511 1142 3550 reve·-

124 3564 208 3619 rendo
226 3567 268 3622 cel
285 3566 384 3622 mellus
401 3566 611 3636 reverendaetl
