<?xml version="1.0" encoding="UTF-8"?>
<!DOCTYPE html PUBLIC "-//W3C//DTD XHTML 1.0 Transitional//EN"
    "http://www.w3.org/TR/xhtml1/DTD/xhtml1-transitional.dtd">
<html xmlns="http://www.w3.org/1999/xhtml" xml:lang="en" lang="en">
 <head>
  <title>
</title>
<meta http-equiv="Content-Type" content="text/html;charset=utf-8" />
  <meta name='ocr-system' content='tesseract 3.04.00' />
  <meta name='ocr-capabilities' content='ocr_page ocr_carea ocr_par ocr_line ocrx_word'/>
</head>
<body>
  <div class='ocr_page' id='page_1' title='image "./csolliusapollin01apolgoog_0192.png"; bbox 0 0 2660 4030; ppageno 0'>
   <div class='ocr_carea' id='block_1_1' title="bbox 190 206 1147 274">
    <p class='ocr_par' dir='ltr' id='par_1_1' title="bbox 190 206 1147 274">
     <span class='ocr_line' id='line_1_1' title="bbox 190 206 1147 274; baseline 0.011 -11"><span class='ocrx_word' id='word_1_1' title='bbox 190 206 359 263; x_wconf 83' lang='lat' dir='ltr'>SIDONIUS</span> <span class='ocrx_word' id='word_1_2' title='bbox 377 207 521 263; x_wconf 87' lang='lat' dir='ltr'>DOMINO</span> <span class='ocrx_word' id='word_1_3' title='bbox 540 207 658 262; x_wconf 80' lang='lat' dir='ltr'><strong>PAPAE</strong></span> <span class='ocrx_word' id='word_1_4' title='bbox 677 207 851 263; x_wconf 80' lang='lat' dir='ltr'>PATIENTI</span> <span class='ocrx_word' id='word_1_5' title='bbox 869 208 1045 265; x_wconf 79' lang='lat' dir='ltr'>SALUTEM.</span> <span class='ocrx_word' id='word_1_6' title='bbox 1085 209 1147 274; x_wconf 81' lang='grc'>137</span> 
     </span>
    </p>
   </div>
   <div class='ocr_carea' id='block_1_2' title="bbox 132 357 1244 3192">
    <p class='ocr_par' dir='ltr' id='par_1_2' title="bbox 132 357 1244 3192">
     <span class='ocr_line' id='line_1_2' title="bbox 134 357 1148 438; baseline 0.002 -20"><span class='ocrx_word' id='word_1_7' title='bbox 134 358 309 418; x_wconf 83' lang='lat' dir='ltr'>desinenter</span> <span class='ocrx_word' id='word_1_8' title='bbox 327 373 429 435; x_wconf 84' lang='lat' dir='ltr'>rogem</span> <span class='ocrx_word' id='word_1_9' title='bbox 447 364 634 435; x_wconf 80' lang='lat' dir='ltr'>praesentem</span> <span class='ocrx_word' id='word_1_10' title='bbox 652 357 776 437; x_wconf 90' lang='lat' dir='ltr'>prandia</span> <span class='ocrx_word' id='word_1_11' title='bbox 794 363 854 438; x_wconf 91' lang='lat' dir='ltr'>tua,</span> <span class='ocrx_word' id='word_1_12' title='bbox 876 360 1009 437; x_wconf 86' lang='lat' dir='ltr'>reginam</span> <span class='ocrx_word' id='word_1_13' title='bbox 1028 358 1148 420; x_wconf 90' lang='lat' dir='ltr'>laudare</span> 
     </span>
     <span class='ocr_line' id='line_1_3' title="bbox 132 445 1149 510; baseline 0.002 -3"><span class='ocrx_word' id='word_1_14' title='bbox 132 449 255 508; x_wconf 89' lang='lat' dir='ltr'>ieiunia.</span> <span class='ocrx_word' id='word_1_15' title='bbox 289 448 392 507; x_wconf 91' lang='lat' dir='ltr'>omitto</span> <span class='ocrx_word' id='word_1_16' title='bbox 415 451 497 505; x_wconf 92' lang='lat' dir='ltr'>tanto</span> <span class='ocrx_word' id='word_1_17' title='bbox 520 452 549 506; x_wconf 93' lang='lat' dir='ltr'>te</span> <span class='ocrx_word' id='word_1_18' title='bbox 569 445 651 507; x_wconf 92' lang='lat' dir='ltr'>cultu</span> <span class='ocrx_word' id='word_1_19' title='bbox 669 445 825 508; x_wconf 87' lang='lat' dir='ltr'>ecclesiam</span> <span class='ocrx_word' id='word_1_20' title='bbox 843 447 899 508; x_wconf 92' lang='lat' dir='ltr'>tibi</span> <span class='ocrx_word' id='word_1_21' title='bbox 918 447 1061 508; x_wconf 85' lang='lat' dir='ltr'>creditam</span> <span class='ocrx_word' id='word_1_22' title='bbox 1079 467 1149 510; x_wconf 92' lang='lat' dir='ltr'>con·</span> 
     </span>
     <span class='ocr_line' id='line_1_4' title="bbox 134 533 1148 617; baseline 0.002 -21"><span class='ocrx_word' id='word_1_23' title='bbox 134 541 304 617; x_wconf 84' lang='lat' dir='ltr'>venustare,</span> <span class='ocrx_word' id='word_1_24' title='bbox 326 541 360 595; x_wconf 89' lang='lat' dir='ltr'>ut</span> <span class='ocrx_word' id='word_1_25' title='bbox 383 533 499 594; x_wconf 92' lang='lat' dir='ltr'>dubitet</span> <span class='ocrx_word' id='word_1_26' title='bbox 521 536 682 616; x_wconf 89' lang='lat' dir='ltr'>inspector,</span> <span class='ocrx_word' id='word_1_27' title='bbox 705 535 850 596; x_wconf 90' lang='lat' dir='ltr'>meliusne</span> <span class='ocrx_word' id='word_1_28' title='bbox 872 554 948 596; x_wconf 90' lang='lat' dir='ltr'>nova</span> <span class='ocrx_word' id='word_1_29' title='bbox 966 554 1057 616; x_wconf 90' lang='lat' dir='ltr'>opera</span> <span class='ocrx_word' id='word_1_30' title='bbox 1079 557 1148 598; x_wconf 91' lang='lat' dir='ltr'>oon-</span> 
     </span>
     <span class='ocr_line' id='line_1_5' title="bbox 135 622 1147 704; baseline 0.002 -19"><span class='ocrx_word' id='word_1_31' title='bbox 135 631 259 703; x_wconf 90' lang='lat' dir='ltr'>surgant</span> <span class='ocrx_word' id='word_1_32' title='bbox 282 642 319 684; x_wconf 89' lang='lat' dir='ltr'>an</span> <span class='ocrx_word' id='word_1_33' title='bbox 343 628 458 684; x_wconf 85' lang='lat' dir='ltr'>vetusta</span> <span class='ocrx_word' id='word_1_34' title='bbox 481 631 666 702; x_wconf 90' lang='lat' dir='ltr'>reparentur.</span> <span class='ocrx_word' id='word_1_35' title='bbox 698 622 729 686; x_wconf 82' lang='lat'>4.</span> <span class='ocrx_word' id='word_1_36' title='bbox 753 627 857 685; x_wconf 88' lang='lat' dir='ltr'>omitto</span> <span class='ocrx_word' id='word_1_37' title='bbox 880 643 934 704; x_wconf 95' lang='lat' dir='ltr'>per</span> <span class='ocrx_word' id='word_1_38' title='bbox 947 629 986 685; x_wconf 91' lang='lat' dir='ltr'>&#39;te</span> <span class='ocrx_word' id='word_1_39' title='bbox 1009 625 1147 704; x_wconf 86' lang='lat' dir='ltr'>plurimis</span> 
     </span>
     <span class='ocr_line' id='line_1_6' title="bbox 132 711 1188 796; baseline -0.001 -23"><span class='ocrx_word' id='word_1_40' title='bbox 132 713 208 774; x_wconf 92' lang='lat' dir='ltr'>locis</span> <span class='ocrx_word' id='word_1_41' title='bbox 231 712 421 774; x_wconf 83' lang='lat' dir='ltr'>basilicarum</span> <span class='ocrx_word' id='word_1_42' title='bbox 439 711 630 773; x_wconf 84' lang='lat' dir='ltr'>fundamenta</span> <span class='ocrx_word' id='word_1_43' title='bbox 648 731 838 796; x_wconf 81' lang='lat' dir='ltr'>consurgere,</span> <span class='ocrx_word' id='word_1_44' title='bbox 861 721 1033 776; x_wconf 90' lang='lat' dir='ltr'>ornamenta</span> <span class='ocrx_word' id='word_1_45' title='bbox 1053 715 1148 795; x_wconf 90' lang='lat' dir='ltr'>dupli·</span> <span class='ocrx_word' id='word_1_46' title='bbox 1175 732 1188 772; x_wconf 84' lang='lat' dir='ltr'>s</span> 
     </span>
     <span class='ocr_line' id='line_1_7' title="bbox 133 799 1147 882; baseline 0.003 -20"><span class='ocrx_word' id='word_1_47' title='bbox 133 804 210 882; x_wconf 79' lang='lat' dir='ltr'>oari3</span> <span class='ocrx_word' id='word_1_48' title='bbox 247 820 374 880; x_wconf 90' lang='lat' dir='ltr'>cumque</span> <span class='ocrx_word' id='word_1_49' title='bbox 406 799 498 861; x_wconf 91' lang='lat' dir='ltr'>multa</span> <span class='ocrx_word' id='word_1_50' title='bbox 529 803 562 861; x_wconf 92' lang='lat' dir='ltr'>in</span> <span class='ocrx_word' id='word_1_51' title='bbox 594 808 672 863; x_wconf 89' lang='lat' dir='ltr'>statu</span> <span class='ocrx_word' id='word_1_52' title='bbox 704 803 774 862; x_wconf 90' lang='lat' dir='ltr'>fidei</span> <span class='ocrx_word' id='word_1_53' title='bbox 805 805 865 863; x_wconf 89' lang='lat' dir='ltr'>tuis</span> <span class='ocrx_word' id='word_1_54' title='bbox 902 802 1147 882; x_wconf 88' lang='lat' dir='ltr'>dispositionibus</span> 
     </span>
     <span class='ocr_line' id='line_1_8' title="bbox 134 889 1147 973; baseline 0.003 -22"><span class='ocrx_word' id='word_1_55' title='bbox 134 897 313 972; x_wconf 88' lang='lat' dir='ltr'>augeantur,</span> <span class='ocrx_word' id='word_1_56' title='bbox 345 889 441 951; x_wconf 92' lang='lat' dir='ltr'>solum</span> <span class='ocrx_word' id='word_1_57' title='bbox 472 890 691 951; x_wconf 90' lang='lat' dir='ltr'>baereticorum</span> <span class='ocrx_word' id='word_1_58' title='bbox 722 909 880 953; x_wconf 89' lang='lat' dir='ltr'>numerum</span> <span class='ocrx_word' id='word_1_59' title='bbox 911 894 1022 973; x_wconf 91' lang='lat' dir='ltr'>minui,</span> <span class='ocrx_word' id='word_1_60' title='bbox 1059 901 1147 972; x_wconf 89' lang='lat' dir='ltr'>teque</span> 
     </span>
     <span class='ocr_line' id='line_1_9' title="bbox 134 978 1148 1062; baseline 0.003 -23"><span class='ocrx_word' id='word_1_61' title='bbox 134 979 264 1059; x_wconf 82' lang='lat' dir='ltr'>quodam</span> <span class='ocrx_word' id='word_1_62' title='bbox 281 986 389 1041; x_wconf 76' lang='lat' dir='ltr'>uenatu</span> <span class='ocrx_word' id='word_1_63' title='bbox 407 978 568 1059; x_wconf 90' lang='lat' dir='ltr'>apostolico</span> <span class='ocrx_word' id='word_1_64' title='bbox 587 979 665 1040; x_wconf 90' lang='lat' dir='ltr'>feras</span> <span class='ocrx_word' id='word_1_65' title='bbox 684 979 907 1041; x_wconf 83' lang='lat' dir='ltr'>Fotinianorum</span> <span class='ocrx_word' id='word_1_66' title='bbox 925 988 1041 1042; x_wconf 92' lang='lat' dir='ltr'>mentes</span> <span class='ocrx_word' id='word_1_67' title='bbox 1061 984 1148 1062; x_wconf 91' lang='lat' dir='ltr'>spiri-</span> 
     </span>
     <span class='ocr_line' id='line_1_10' title="bbox 133 1066 1148 1150; baseline 0 -20"><span class='ocrx_word' id='word_1_68' title='bbox 133 1066 239 1130; x_wconf 87' lang='lat' dir='ltr'>talium</span> <span class='ocrx_word' id='word_1_69' title='bbox 255 1068 511 1148; x_wconf 90' lang='lat' dir='ltr'>praedicationum</span> <span class='ocrx_word' id='word_1_70' title='bbox 531 1067 664 1129; x_wconf 87' lang='lat' dir='ltr'>cassibus</span> <span class='ocrx_word' id='word_1_71' title='bbox 683 1069 845 1150; x_wconf 88' lang='lat' dir='ltr'>implioaro,</span> <span class='ocrx_word' id='word_1_72' title='bbox 868 1076 956 1148; x_wconf 89' lang='lat' dir='ltr'>atque</span> <span class='ocrx_word' id='word_1_73' title='bbox 976 1089 992 1131; x_wconf 91' lang='lat' dir='ltr'>a</span> <span class='ocrx_word' id='word_1_74' title='bbox 1010 1077 1062 1132; x_wconf 92' lang='lat' dir='ltr'>tuo</span> <span class='ocrx_word' id='word_1_75' title='bbox 1080 1069 1148 1131; x_wconf 91' lang='lat' dir='ltr'>bar-</span> 
     </span>
     <span class='ocr_line' id='line_1_11' title="bbox 133 1157 1244 1240; baseline 0.001 -22"><span class='ocrx_word' id='word_1_76' title='bbox 133 1157 223 1218; x_wconf 93' lang='lat' dir='ltr'>baros</span> <span class='ocrx_word' id='word_1_77' title='bbox 242 1159 301 1217; x_wconf 92' lang='lat' dir='ltr'>iam</span> <span class='ocrx_word' id='word_1_78' title='bbox 316 1174 467 1238; x_wconf 89' lang='lat' dir='ltr'>sequaces,</span> <span class='ocrx_word' id='word_1_79' title='bbox 485 1159 623 1236; x_wconf 89' lang='lat' dir='ltr'>quotiens</span> <span class='ocrx_word' id='word_1_80' title='bbox 643 1160 859 1219; x_wconf 90' lang='lat' dir='ltr'>convincuntur</span> <span class='ocrx_word' id='word_1_81' title='bbox 872 1159 972 1240; x_wconf 89' lang='lat' dir='ltr'>verbo,</span> <span class='ocrx_word' id='word_1_82' title='bbox 990 1177 1051 1220; x_wconf 90' lang='lat' dir='ltr'>non</span> <span class='ocrx_word' id='word_1_83' title='bbox 1065 1162 1146 1220; x_wconf 85' lang='lat' dir='ltr'>exire</span> <span class='ocrx_word' id='word_1_84' title='bbox 1162 1179 1188 1219; x_wconf 80' lang='lat' dir='ltr'>ro</span> <span class='ocrx_word' id='word_1_85' title='bbox 1243 1193 1244 1200; x_wconf 24' lang='grc' dir='ltr'><strong>κ</strong></span> 
     </span>
     <span class='ocr_line' id='line_1_12' title="bbox 134 1246 1147 1326; baseline 0.003 -20"><span class='ocrx_word' id='word_1_86' title='bbox 134 1249 271 1326; x_wconf 85' lang='lat' dir='ltr'>vestigio,</span> <span class='ocrx_word' id='word_1_87' title='bbox 294 1246 387 1307; x_wconf 92' lang='lat' dir='ltr'>donec</span> <span class='ocrx_word' id='word_1_88' title='bbox 411 1264 462 1306; x_wconf 91' lang='lat' dir='ltr'>eos</span> <span class='ocrx_word' id='word_1_89' title='bbox 486 1263 502 1306; x_wconf 94' lang='lat' dir='ltr'>a</span> <span class='ocrx_word' id='word_1_90' title='bbox 524 1246 671 1324; x_wconf 82' lang='lat' dir='ltr'>profrmdo</span> <span class='ocrx_word' id='word_1_91' title='bbox 691 1250 806 1326; x_wconf 82' lang='lat' dir='ltr'>gurgite</span> <span class='ocrx_word' id='word_1_92' title='bbox 826 1250 937 1308; x_wconf 89' lang='lat' dir='ltr'>erroris</span> <span class='ocrx_word' id='word_1_93' title='bbox 956 1248 1147 1310; x_wconf 87' lang='lat' dir='ltr'>felicissimus</span> 
     </span>
     <span class='ocr_line' id='line_1_13' title="bbox 136 1332 1148 1417; baseline 0.002 -21"><span class='ocrx_word' id='word_1_94' title='bbox 136 1337 302 1396; x_wconf 89' lang='lat' dir='ltr'>animarum</span> <span class='ocrx_word' id='word_1_95' title='bbox 324 1337 455 1414; x_wconf 88' lang='lat' dir='ltr'>piscator</span> <span class='ocrx_word' id='word_1_96' title='bbox 478 1337 650 1396; x_wconf 84' lang='lat' dir='ltr'>extraxeris.</span> <span class='ocrx_word' id='word_1_97' title='bbox 692 1332 721 1398; x_wconf 83' lang='lat'>5.</span> <span class='ocrx_word' id='word_1_98' title='bbox 746 1336 904 1397; x_wconf 88' lang='lat' dir='ltr'>ethorum</span> <span class='ocrx_word' id='word_1_99' title='bbox 928 1335 1026 1417; x_wconf 88' lang='lat' dir='ltr'>aliqua</span> <span class='ocrx_word' id='word_1_100' title='bbox 1047 1344 1148 1398; x_wconf 89' lang='lat' dir='ltr'>tamen</span> 
     </span>
     <span class='ocr_line' id='line_1_14' title="bbox 135 1422 1147 1506; baseline 0.003 -22"><span class='ocrx_word' id='word_1_101' title='bbox 135 1442 205 1485; x_wconf 88' lang='lat' dir='ltr'>oum</span> <span class='ocrx_word' id='word_1_102' title='bbox 227 1422 351 1503; x_wconf 85' lang='lat' dir='ltr'>reliquis</span> <span class='ocrx_word' id='word_1_103' title='bbox 374 1424 500 1485; x_wconf 83' lang='lat' dir='ltr'>forsitan</span> <span class='ocrx_word' id='word_1_104' title='bbox 523 1425 767 1486; x_wconf 90' lang='lat' dir='ltr'>communicanda</span> <span class='ocrx_word' id='word_1_105' title='bbox 791 1424 925 1506; x_wconf 79' lang='lat' dir='ltr'>collegis3</span> <span class='ocrx_word' id='word_1_106' title='bbox 952 1425 1025 1487; x_wconf 94' lang='lat' dir='ltr'>illud</span> <span class='ocrx_word' id='word_1_107' title='bbox 1048 1433 1147 1488; x_wconf 91' lang='lat' dir='ltr'>autem</span> 
     </span>
     <span class='ocr_line' id='line_1_15' title="bbox 136 1512 1147 1596; baseline 0.003 -23"><span class='ocrx_word' id='word_1_108' title='bbox 136 1512 240 1573; x_wconf 89' lang='lat' dir='ltr'>deberi</span> <span class='ocrx_word' id='word_1_109' title='bbox 257 1512 314 1573; x_wconf 90' lang='lat' dir='ltr'>tibi</span> <span class='ocrx_word' id='word_1_110' title='bbox 333 1513 469 1593; x_wconf 87' lang='lat' dir='ltr'>quodam,</span> <span class='ocrx_word' id='word_1_111' title='bbox 487 1519 520 1573; x_wconf 92' lang='lat' dir='ltr'>ut</span> <span class='ocrx_word' id='word_1_112' title='bbox 538 1513 742 1574; x_wconf 88' lang='lat' dir='ltr'>iurisconsulti</span> <span class='ocrx_word' id='word_1_113' title='bbox 760 1513 872 1596; x_wconf 87' lang='lat' dir='ltr'>dicunt,</span> <span class='ocrx_word' id='word_1_114' title='bbox 889 1517 1044 1595; x_wconf 85' lang='lat' dir='ltr'>praecipui</span> <span class='ocrx_word' id='word_1_115' title='bbox 1061 1515 1147 1576; x_wconf 92' lang='lat' dir='ltr'>titulo</span> 
     </span>
     <span class='ocr_line' id='line_1_16' title="bbox 134 1602 1187 1683; baseline 0 -21"><span class='ocrx_word' id='word_1_116' title='bbox 134 1617 191 1662; x_wconf 90' lang='lat' dir='ltr'>nec</span> <span class='ocrx_word' id='word_1_117' title='bbox 218 1609 288 1662; x_wconf 90' lang='lat' dir='ltr'>tuus</span> <span class='ocrx_word' id='word_1_118' title='bbox 315 1604 426 1681; x_wconf 92' lang='lat' dir='ltr'>poterit</span> <span class='ocrx_word' id='word_1_119' title='bbox 452 1604 497 1662; x_wconf 86' lang='lat' dir='ltr'>ire</span> <span class='ocrx_word' id='word_1_120' title='bbox 524 1603 621 1682; x_wconf 93' lang='lat' dir='ltr'>pudor</span> <span class='ocrx_word' id='word_1_121' title='bbox 647 1602 770 1683; x_wconf 86' lang='lat' dir='ltr'>infitias,</span> <span class='ocrx_word' id='word_1_122' title='bbox 796 1603 874 1681; x_wconf 90' lang='lat' dir='ltr'>qnod</span> <span class='ocrx_word' id='word_1_123' title='bbox 902 1610 970 1682; x_wconf 87' lang='lat' dir='ltr'>post</span> <span class='ocrx_word' id='word_1_124' title='bbox 993 1603 1147 1664; x_wconf 84' lang='lat' dir='ltr'>Gothicam</span> <span class='ocrx_word' id='word_1_125' title='bbox 1162 1622 1187 1662; x_wconf 83' lang='lat'>15</span> 
     </span>
     <span class='ocr_line' id='line_1_17' title="bbox 135 1689 1149 1772; baseline 0.003 -22"><span class='ocrx_word' id='word_1_126' title='bbox 135 1689 403 1771; x_wconf 87' lang='lat' dir='ltr'>depopulationem,</span> <span class='ocrx_word' id='word_1_127' title='bbox 426 1697 494 1771; x_wconf 92' lang='lat' dir='ltr'>post</span> <span class='ocrx_word' id='word_1_128' title='bbox 516 1698 633 1770; x_wconf 86' lang='lat' dir='ltr'>segetes</span> <span class='ocrx_word' id='word_1_129' title='bbox 655 1691 794 1752; x_wconf 92' lang='lat' dir='ltr'>incendio</span> <span class='ocrx_word' id='word_1_130' title='bbox 812 1690 982 1771; x_wconf 89' lang='lat' dir='ltr'>absumptas</span> <span class='ocrx_word' id='word_1_131' title='bbox 1005 1692 1149 1772; x_wconf 91' lang='lat' dir='ltr'>peculiari</span> 
     </span>
     <span class='ocr_line' id='line_1_18' title="bbox 136 1779 1149 1860; baseline 0.003 -21"><span class='ocrx_word' id='word_1_132' title='bbox 136 1786 257 1859; x_wconf 92' lang='lat' dir='ltr'>sumptu</span> <span class='ocrx_word' id='word_1_133' title='bbox 288 1781 405 1859; x_wconf 90' lang='lat' dir='ltr'>inopiae</span> <span class='ocrx_word' id='word_1_134' title='bbox 438 1782 588 1840; x_wconf 88' lang='lat' dir='ltr'>communi</span> <span class='ocrx_word' id='word_1_135' title='bbox 618 1797 673 1858; x_wconf 95' lang='lat' dir='ltr'>per</span> <span class='ocrx_word' id='word_1_136' title='bbox 704 1780 850 1841; x_wconf 90' lang='lat' dir='ltr'>desolatas</span> <span class='ocrx_word' id='word_1_137' title='bbox 883 1779 990 1840; x_wconf 88' lang='lat' dir='ltr'>Gallias</span> <span class='ocrx_word' id='word_1_138' title='bbox 1022 1784 1149 1860; x_wconf 87' lang='lat' dir='ltr'>gratuita</span> 
     </span>
     <span class='ocr_line' id='line_1_19' title="bbox 136 1868 1149 1949; baseline 0.002 -21"><span class='ocrx_word' id='word_1_139' title='bbox 136 1869 284 1929; x_wconf 90' lang='lat' dir='ltr'>frumenta</span> <span class='ocrx_word' id='word_1_140' title='bbox 306 1871 424 1949; x_wconf 91' lang='lat' dir='ltr'>misisti,</span> <span class='ocrx_word' id='word_1_141' title='bbox 448 1886 515 1928; x_wconf 90' lang='lat' dir='ltr'>cum</span> <span class='ocrx_word' id='word_1_142' title='bbox 537 1868 759 1930; x_wconf 89' lang='lat' dir='ltr'>tabescentibus</span> <span class='ocrx_word' id='word_1_143' title='bbox 783 1870 859 1929; x_wconf 90' lang='lat' dir='ltr'>lame</span> <span class='ocrx_word' id='word_1_144' title='bbox 882 1869 1000 1948; x_wconf 92' lang='lat' dir='ltr'>populis</span> <span class='ocrx_word' id='word_1_145' title='bbox 1023 1871 1149 1930; x_wconf 90' lang='lat' dir='ltr'>nimium</span> 
     </span>
     <span class='ocr_line' id='line_1_20' title="bbox 136 1957 1147 2039; baseline 0.002 -22"><span class='ocrx_word' id='word_1_146' title='bbox 136 1957 323 2038; x_wconf 63' lang='lat' dir='ltr'>contulisses</span> <span class='ocrx_word' id='word_1_147' title='bbox 346 1959 372 2018; x_wconf 91' lang='lat' dir='ltr'>si</span> <span class='ocrx_word' id='word_1_148' title='bbox 391 1959 570 2018; x_wconf 91' lang='lat' dir='ltr'>commercio</span> <span class='ocrx_word' id='word_1_149' title='bbox 593 1958 699 2019; x_wconf 89' lang='lat' dir='ltr'>luisset</span> <span class='ocrx_word' id='word_1_150' title='bbox 718 1961 832 2038; x_wconf 88' lang='lat' dir='ltr'>species</span> <span class='ocrx_word' id='word_1_151' title='bbox 853 1960 919 2039; x_wconf 90' lang='lat' dir='ltr'>ista,</span> <span class='ocrx_word' id='word_1_152' title='bbox 942 1977 1002 2019; x_wconf 94' lang='lat' dir='ltr'>non</span> <span class='ocrx_word' id='word_1_153' title='bbox 1020 1961 1147 2020; x_wconf 87' lang='lat' dir='ltr'>muneri.</span> 
     </span>
     <span class='ocr_line' id='line_1_21' title="bbox 135 2046 1188 2128; baseline 0 -22"><span class='ocrx_word' id='word_1_154' title='bbox 135 2046 263 2107; x_wconf 89' lang='lat' dir='ltr'>vidimus</span> <span class='ocrx_word' id='word_1_155' title='bbox 291 2053 430 2126; x_wconf 89' lang='lat' dir='ltr'>angustas</span> <span class='ocrx_word' id='word_1_156' title='bbox 457 2049 516 2107; x_wconf 91' lang='lat' dir='ltr'>tuis</span> <span class='ocrx_word' id='word_1_157' title='bbox 544 2047 680 2126; x_wconf 86' lang='lat' dir='ltr'>frugibus</span> <span class='ocrx_word' id='word_1_158' title='bbox 709 2050 784 2128; x_wconf 82' lang='lat' dir='ltr'>vias3</span> <span class='ocrx_word' id='word_1_159' title='bbox 812 2047 939 2108; x_wconf 87' lang='lat' dir='ltr'>vidimus</span> <span class='ocrx_word' id='word_1_160' title='bbox 966 2066 1020 2127; x_wconf 89' lang='lat' dir='ltr'>per</span> <span class='ocrx_word' id='word_1_161' title='bbox 1047 2048 1147 2108; x_wconf 84' lang='lat' dir='ltr'>Araris</span> <span class='ocrx_word' id='word_1_162' title='bbox 1162 2067 1188 2106; x_wconf 79' lang='lat' dir='ltr'>ao</span> 
     </span>
     <span class='ocr_line' id='line_1_22' title="bbox 136 2134 1147 2218; baseline 0 -22"><span class='ocrx_word' id='word_1_163' title='bbox 136 2143 166 2196; x_wconf 91' lang='lat' dir='ltr'>et</span> <span class='ocrx_word' id='word_1_164' title='bbox 189 2135 325 2196; x_wconf 91' lang='lat' dir='ltr'>Rhodani</span> <span class='ocrx_word' id='word_1_165' title='bbox 347 2138 428 2215; x_wconf 87' lang='lat' dir='ltr'>ripas</span> <span class='ocrx_word' id='word_1_166' title='bbox 450 2153 511 2196; x_wconf 93' lang='lat' dir='ltr'>non</span> <span class='ocrx_word' id='word_1_167' title='bbox 535 2154 640 2216; x_wconf 89' lang='lat' dir='ltr'>unum,</span> <span class='ocrx_word' id='word_1_168' title='bbox 664 2136 742 2215; x_wconf 93' lang='lat' dir='ltr'>quod</span> <span class='ocrx_word' id='word_1_169' title='bbox 765 2155 843 2197; x_wconf 91' lang='lat' dir='ltr'>unus</span> <span class='ocrx_word' id='word_1_170' title='bbox 865 2134 1055 2218; x_wconf 85' lang='lat' dir='ltr'>impleveras,</span> <span class='ocrx_word' id='word_1_171' title='bbox 1078 2137 1147 2196; x_wconf 94' lang='lat' dir='ltr'>bor-</span> 
     </span>
     <span class='ocr_line' id='line_1_23' title="bbox 136 2222 1148 2305; baseline 0.002 -21"><span class='ocrx_word' id='word_1_172' title='bbox 136 2241 229 2285; x_wconf 90' lang='lat' dir='ltr'>reum.</span> <span class='ocrx_word' id='word_1_173' title='bbox 258 2223 287 2286; x_wconf 87' lang='lat'>6.</span> <span class='ocrx_word' id='word_1_174' title='bbox 307 2222 473 2285; x_wconf 87' lang='lat' dir='ltr'>labularum</span> <span class='ocrx_word' id='word_1_175' title='bbox 491 2225 597 2286; x_wconf 90' lang='lat' dir='ltr'>cedant</span> <span class='ocrx_word' id='word_1_176' title='bbox 615 2227 755 2304; x_wconf 88' lang='lat' dir='ltr'>figmenta</span> <span class='ocrx_word' id='word_1_177' title='bbox 774 2224 927 2304; x_wconf 89' lang='lat' dir='ltr'>gentilium</span> <span class='ocrx_word' id='word_1_178' title='bbox 948 2233 977 2286; x_wconf 90' lang='lat' dir='ltr'>et</span> <span class='ocrx_word' id='word_1_179' title='bbox 995 2225 1045 2286; x_wconf 92' lang='lat' dir='ltr'>ille</span> <span class='ocrx_word' id='word_1_180' title='bbox 1063 2228 1148 2305; x_wconf 87' lang='lat' dir='ltr'>quasi</span> 
     </span>
     <span class='ocr_line' id='line_1_24' title="bbox 136 2312 1147 2395; baseline 0.001 -22"><span class='ocrx_word' id='word_1_181' title='bbox 136 2316 169 2373; x_wconf 92' lang='lat' dir='ltr'>in</span> <span class='ocrx_word' id='word_1_182' title='bbox 196 2313 310 2374; x_wconf 90' lang='lat' dir='ltr'>caelum</span> <span class='ocrx_word' id='word_1_183' title='bbox 338 2312 449 2374; x_wconf 91' lang='lat' dir='ltr'>relatus</span> <span class='ocrx_word' id='word_1_184' title='bbox 478 2331 533 2394; x_wconf 92' lang='lat' dir='ltr'>pro</span> <span class='ocrx_word' id='word_1_185' title='bbox 561 2320 679 2392; x_wconf 89' lang='lat' dir='ltr'>reperta</span> <span class='ocrx_word' id='word_1_186' title='bbox 706 2317 855 2394; x_wconf 89' lang='lat' dir='ltr'>spicarum</span> <span class='ocrx_word' id='word_1_187' title='bbox 878 2317 1007 2376; x_wconf 86' lang='lat' dir='ltr'>novitate</span> <span class='ocrx_word' id='word_1_188' title='bbox 1031 2315 1147 2395; x_wconf 82' lang='lat' dir='ltr'>Tripto-</span> 
     </span>
     <span class='ocr_line' id='line_1_25' title="bbox 136 2401 1148 2483; baseline 0.003 -22"><span class='ocrx_word' id='word_1_189' title='bbox 136 2401 245 2483; x_wconf 89' lang='lat' dir='ltr'>lemus,</span> <span class='ocrx_word' id='word_1_190' title='bbox 278 2417 366 2481; x_wconf 87' lang='lat' dir='ltr'>quem</span> <span class='ocrx_word' id='word_1_191' title='bbox 394 2401 517 2463; x_wconf 86' lang='lat' dir='ltr'>Graecia</span> <span class='ocrx_word' id='word_1_192' title='bbox 549 2421 601 2463; x_wconf 89' lang='lat' dir='ltr'>sua</span> <span class='ocrx_word' id='word_1_193' title='bbox 629 2405 835 2464; x_wconf 90' lang='lat' dir='ltr'>caementariis</span> <span class='ocrx_word' id='word_1_194' title='bbox 865 2403 1030 2482; x_wconf 89' lang='lat' dir='ltr'>pictoribus</span> <span class='ocrx_word' id='word_1_195' title='bbox 1058 2406 1148 2482; x_wconf 91' lang='lat' dir='ltr'>signi-</span> 
     </span>
     <span class='ocr_line' id='line_1_26' title="bbox 136 2490 1188 2572; baseline 0.003 -22"><span class='ocrx_word' id='word_1_196' title='bbox 136 2491 242 2552; x_wconf 88' lang='lat' dir='ltr'>ficibus</span> <span class='ocrx_word' id='word_1_197' title='bbox 270 2490 396 2552; x_wconf 91' lang='lat' dir='ltr'>illustris</span> <span class='ocrx_word' id='word_1_198' title='bbox 423 2493 549 2552; x_wconf 87' lang='lat' dir='ltr'>sacravit</span> <span class='ocrx_word' id='word_1_199' title='bbox 575 2491 694 2570; x_wconf 89' lang='lat' dir='ltr'>templis</span> <span class='ocrx_word' id='word_1_200' title='bbox 721 2492 857 2552; x_wconf 89' lang='lat' dir='ltr'>formavit</span> <span class='ocrx_word' id='word_1_201' title='bbox 880 2495 985 2552; x_wconf 84' lang='lat' dir='ltr'>statuis</span> <span class='ocrx_word' id='word_1_202' title='bbox 1009 2493 1149 2572; x_wconf 86' lang='lat' dir='ltr'>effigiavit</span> <span class='ocrx_word' id='word_1_203' title='bbox 1162 2513 1188 2554; x_wconf 79' lang='lat' dir='ltr'>aa</span> 
     </span>
     <span class='ocr_line' id='line_1_27' title="bbox 136 2579 1148 2661; baseline 0.002 -21"><span class='ocrx_word' id='word_1_204' title='bbox 136 2579 324 2660; x_wconf 91' lang='lat' dir='ltr'>imaginibus.</span> <span class='ocrx_word' id='word_1_205' title='bbox 365 2579 450 2641; x_wconf 91' lang='lat' dir='ltr'>illum</span> <span class='ocrx_word' id='word_1_206' title='bbox 473 2579 562 2640; x_wconf 94' lang='lat' dir='ltr'>dubia</span> <span class='ocrx_word' id='word_1_207' title='bbox 584 2581 661 2640; x_wconf 89' lang='lat' dir='ltr'>fama</span> <span class='ocrx_word' id='word_1_208' title='bbox 684 2583 841 2640; x_wconf 88' lang='lat' dir='ltr'>concinnat</span> <span class='ocrx_word' id='word_1_209' title='bbox 863 2599 917 2661; x_wconf 91' lang='lat' dir='ltr'>per</span> <span class='ocrx_word' id='word_1_210' title='bbox 940 2581 1029 2642; x_wconf 88' lang='lat' dir='ltr'>rudos</span> <span class='ocrx_word' id='word_1_211' title='bbox 1053 2581 1148 2642; x_wconf 81' lang='lat' dir='ltr'>adbuc</span> 
     </span>
     <span class='ocr_line' id='line_1_28' title="bbox 136 2668 1148 2751; baseline 0 -21"><span class='ocrx_word' id='word_1_212' title='bbox 136 2676 167 2730; x_wconf 91' lang='lat' dir='ltr'>et</span> <span class='ocrx_word' id='word_1_213' title='bbox 192 2669 399 2747; x_wconf 86' lang='lat' dir='ltr'>Dodonigenas</span> <span class='ocrx_word' id='word_1_214' title='bbox 431 2668 556 2748; x_wconf 84' lang='lat' dir='ltr'>poprdos</span> <span class='ocrx_word' id='word_1_215' title='bbox 589 2668 703 2729; x_wconf 86' lang='lat' dir='ltr'>duabus</span> <span class='ocrx_word' id='word_1_216' title='bbox 734 2687 839 2748; x_wconf 87' lang='lat' dir='ltr'>vagum</span> <span class='ocrx_word' id='word_1_217' title='bbox 870 2669 1008 2751; x_wconf 85' lang='lat' dir='ltr'>naribus,</span> <span class='ocrx_word' id='word_1_218' title='bbox 1040 2670 1148 2748; x_wconf 86' lang='lat' dir='ltr'>quibus</span> 
     </span>
     <span class='ocr_line' id='line_1_29' title="bbox 135 2757 1148 2839; baseline 0 -21"><span class='ocrx_word' id='word_1_219' title='bbox 135 2766 239 2838; x_wconf 91' lang='lat' dir='ltr'>poetae</span> <span class='ocrx_word' id='word_1_220' title='bbox 264 2759 406 2839; x_wconf 89' lang='lat' dir='ltr'>deinceps</span> <span class='ocrx_word' id='word_1_221' title='bbox 429 2759 554 2819; x_wconf 89' lang='lat' dir='ltr'>formam</span> <span class='ocrx_word' id='word_1_222' title='bbox 577 2757 739 2819; x_wconf 90' lang='lat' dir='ltr'>draconum</span> <span class='ocrx_word' id='word_1_223' title='bbox 762 2758 990 2839; x_wconf 89' lang='lat' dir='ltr'>deputaverunt,</span> <span class='ocrx_word' id='word_1_224' title='bbox 1017 2761 1148 2836; x_wconf 88' lang='lat' dir='ltr'>ignotam</span> 
     </span>
     <span class='ocr_line' id='line_1_30' title="bbox 136 2847 1148 2928; baseline 0.001 -22"><span class='ocrx_word' id='word_1_225' title='bbox 136 2847 356 2908; x_wconf 90' lang='lat' dir='ltr'>circumtulisse</span> <span class='ocrx_word' id='word_1_226' title='bbox 380 2857 552 2908; x_wconf 88' lang='lat' dir='ltr'>sementem.</span> <span class='ocrx_word' id='word_1_227' title='bbox 598 2854 644 2928; x_wconf 92' lang='lat' dir='ltr'>tu,</span> <span class='ocrx_word' id='word_1_228' title='bbox 671 2854 705 2907; x_wconf 90' lang='lat' dir='ltr'>ut</span> <span class='ocrx_word' id='word_1_229' title='bbox 731 2847 768 2906; x_wconf 93' lang='lat' dir='ltr'>de</span> <span class='ocrx_word' id='word_1_230' title='bbox 796 2847 1013 2908; x_wconf 91' lang='lat' dir='ltr'>mediterranea</span> <span class='ocrx_word' id='word_1_231' title='bbox 1035 2853 1148 2908; x_wconf 90' lang='lat' dir='ltr'>taceam</span> 
     </span>
     <span class='ocr_line' id='line_1_31' title="bbox 135 2935 1188 3018; baseline 0.002 -23"><span class='ocrx_word' id='word_1_232' title='bbox 135 2935 286 3018; x_wconf 87' lang='lat' dir='ltr'>largitate,</span> <span class='ocrx_word' id='word_1_233' title='bbox 321 2937 432 2997; x_wconf 87' lang='lat' dir='ltr'>victum</span> <span class='ocrx_word' id='word_1_234' title='bbox 468 2936 637 2997; x_wconf 87' lang='lat' dir='ltr'>civitatibus</span> <span class='ocrx_word' id='word_1_235' title='bbox 668 2935 814 3016; x_wconf 83' lang='lat' dir='ltr'>Tyrrheni</span> <span class='ocrx_word' id='word_1_236' title='bbox 850 2938 941 2997; x_wconf 91' lang='lat' dir='ltr'>maris</span> <span class='ocrx_word' id='word_1_237' title='bbox 973 2943 1148 3014; x_wconf 89' lang='lat' dir='ltr'>erogaturus</span> <span class='ocrx_word' id='word_1_238' title='bbox 1162 2958 1188 2997; x_wconf 81' lang='lat' dir='ltr'>so</span> 
     </span>
     <span class='ocr_line' id='line_1_32' title="bbox 137 3025 1148 3104; baseline -0.002 -18"><span class='ocrx_word' id='word_1_239' title='bbox 137 3027 282 3104; x_wconf 89' lang='lat' dir='ltr'>granariis</span> <span class='ocrx_word' id='word_1_240' title='bbox 304 3027 365 3086; x_wconf 92' lang='lat' dir='ltr'>tuis</span> <span class='ocrx_word' id='word_1_241' title='bbox 388 3025 446 3086; x_wconf 91' lang='lat' dir='ltr'>duo</span> <span class='ocrx_word' id='word_1_242' title='bbox 469 3027 569 3104; x_wconf 92' lang='lat' dir='ltr'>potius</span> <span class='ocrx_word' id='word_1_243' title='bbox 592 3026 714 3086; x_wconf 86' lang='lat' dir='ltr'>flumina</span> <span class='ocrx_word' id='word_1_244' title='bbox 738 3043 826 3104; x_wconf 89' lang='lat' dir='ltr'>quam</span> <span class='ocrx_word' id='word_1_245' title='bbox 849 3026 907 3085; x_wconf 89' lang='lat' dir='ltr'>duo</span> <span class='ocrx_word' id='word_1_246' title='bbox 930 3027 1045 3104; x_wconf 85' lang='lat' dir='ltr'>navigia</span> <span class='ocrx_word' id='word_1_247' title='bbox 1069 3043 1148 3085; x_wconf 94' lang='lat' dir='ltr'>oom-</span> 
     </span>
     <span class='ocr_line' id='line_1_33' title="bbox 136 3112 1148 3192; baseline 0 -18"><span class='ocrx_word' id='word_1_248' title='bbox 136 3113 233 3192; x_wconf 88' lang='lat' dir='ltr'>plesti.</span> <span class='ocrx_word' id='word_1_249' title='bbox 281 3112 309 3175; x_wconf 82' lang='lat' dir='ltr'>l.</span> <span class='ocrx_word' id='word_1_250' title='bbox 338 3114 390 3175; x_wconf 92' lang='lat' dir='ltr'>sed</span> <span class='ocrx_word' id='word_1_251' title='bbox 418 3116 445 3176; x_wconf 91' lang='lat' dir='ltr'>si</span> <span class='ocrx_word' id='word_1_252' title='bbox 476 3115 552 3174; x_wconf 91' lang='lat' dir='ltr'>forte</span> <span class='ocrx_word' id='word_1_253' title='bbox 579 3114 715 3175; x_wconf 78' lang='lat' dir='ltr'>Achaicis</span> <span class='ocrx_word' id='word_1_254' title='bbox 742 3112 900 3174; x_wconf 90' lang='lat' dir='ltr'>Eleusinae</span> <span class='ocrx_word' id='word_1_255' title='bbox 928 3115 1148 3192; x_wconf 90' lang='lat' dir='ltr'>superstitionis</span> 
     </span>
    </p>
   </div>
   <div class='ocr_carea' id='block_1_3' title="bbox 136 3283 1148 3640">
    <p class='ocr_par' dir='ltr' id='par_1_3' title="bbox 136 3283 1148 3640">
     <span class='ocr_line' id='line_1_34' title="bbox 211 3283 1148 3356; baseline -0.002 -16"><span class='ocrx_word' id='word_1_256' title='bbox 211 3292 243 3340; x_wconf 83' lang='lat'>13</span> <span class='ocrx_word' id='word_1_257' title='bbox 261 3284 358 3339; x_wconf 81' lang='lat' dir='ltr'>forsan</span> <span class='ocrx_word' id='word_1_258' title='bbox 378 3283 430 3341; x_wconf 80' lang='grc' dir='ltr'>ΟΡ</span> <span class='ocrx_word' id='word_1_259' title='bbox 455 3287 465 3352; x_wconf 90' lang='grc' dir='ltr'>ΙΙ</span> <span class='ocrx_word' id='word_1_260' title='bbox 492 3291 526 3338; x_wconf 88' lang='grc'>14</span> <span class='ocrx_word' id='word_1_261' title='bbox 543 3283 689 3354; x_wconf 87' lang='lat' dir='ltr'>praecipui</span> <span class='ocrx_word' id='word_1_262' title='bbox 710 3284 742 3354; x_wconf 83' lang='lat'>0,</span> <span class='ocrx_word' id='word_1_263' title='bbox 767 3283 919 3354; x_wconf 85' lang='lat' dir='ltr'>praecipuo</span> <span class='ocrx_word' id='word_1_264' title='bbox 943 3286 970 3356; x_wconf 86' lang='lat' dir='ltr'>(o</span> <span class='ocrx_word' id='word_1_265' title='bbox 993 3302 1062 3340; x_wconf 80' lang='lat' dir='ltr'>corr.</span> <span class='ocrx_word' id='word_1_266' title='bbox 1082 3302 1116 3340; x_wconf 83' lang='lat' dir='ltr'>eoo</span> <span class='ocrx_word' id='word_1_267' title='bbox 1138 3284 1148 3338; x_wconf 95' lang='lat' dir='ltr'>i</span> 
     </span>
     <span class='ocr_line' id='line_1_35' title="bbox 138 3354 1148 3426; baseline -0.001 -16"><span class='ocrx_word' id='word_1_268' title='bbox 138 3355 302 3426; x_wconf 83' lang='lat' dir='ltr'>M¹)MPF</span> <span class='ocrx_word' id='word_1_269' title='bbox 317 3361 326 3426; x_wconf 79' lang='grc'>11</span> <span class='ocrx_word' id='word_1_270' title='bbox 346 3361 379 3410; x_wconf 76' lang='grc'>16</span> <span class='ocrx_word' id='word_1_271' title='bbox 397 3355 427 3408; x_wconf 89' lang='lat' dir='ltr'>in</span> <span class='ocrx_word' id='word_1_272' title='bbox 445 3354 486 3426; x_wconf 90' lang='lat' dir='ltr'>(in</span> <span class='ocrx_word' id='word_1_273' title='bbox 503 3373 524 3411; x_wconf 84' lang='grc' dir='ltr'>ε.</span> <span class='ocrx_word' id='word_1_274' title='bbox 545 3356 562 3410; x_wconf 85' lang='lat' dir='ltr'>l.</span> <span class='ocrx_word' id='word_1_275' title='bbox 582 3358 646 3412; x_wconf 78' lang='lat' dir='ltr'>odd.</span> <span class='ocrx_word' id='word_1_276' title='bbox 665 3357 722 3424; x_wconf 76' lang='lat' dir='ltr'>M1)</span> <span class='ocrx_word' id='word_1_277' title='bbox 742 3354 851 3410; x_wconf 87' lang='lat' dir='ltr'>inficias</span> <span class='ocrx_word' id='word_1_278' title='bbox 869 3356 995 3410; x_wconf 81' lang='lat' dir='ltr'><strong><em>MGPF</em></strong></span> <span class='ocrx_word' id='word_1_279' title='bbox 1011 3360 1020 3424; x_wconf 86' lang='grc' dir='ltr'>ΙΙ</span> <span class='ocrx_word' id='word_1_280' title='bbox 1041 3361 1072 3410; x_wconf 81' lang='grc'>18</span> <span class='ocrx_word' id='word_1_281' title='bbox 1091 3356 1148 3409; x_wconf 86' lang='lat' dir='ltr'>fru-</span> 
     </span>
     <span class='ocr_line' id='line_1_36' title="bbox 137 3426 1148 3498; baseline 0 -18"><span class='ocrx_word' id='word_1_282' title='bbox 137 3429 235 3482; x_wconf 84' lang='lat' dir='ltr'>menta</span> <span class='ocrx_word' id='word_1_283' title='bbox 247 3444 296 3483; x_wconf 85' lang='lat' dir='ltr'>om.</span> <span class='ocrx_word' id='word_1_284' title='bbox 315 3428 368 3483; x_wconf 81' lang='grc' dir='ltr'>ΟΡ</span> <span class='ocrx_word' id='word_1_285' title='bbox 378 3429 388 3493; x_wconf 76' lang='grc' dir='ltr'>ΙΙ</span> <span class='ocrx_word' id='word_1_286' title='bbox 402 3433 435 3481; x_wconf 85' lang='grc'>19</span> <span class='ocrx_word' id='word_1_287' title='bbox 450 3426 560 3480; x_wconf 87' lang='lat' dir='ltr'>muneri</span> <span class='ocrx_word' id='word_1_288' title='bbox 573 3428 758 3496; x_wconf 73' lang='lat' dir='ltr'>Dcetjotaoc,</span> <span class='ocrx_word' id='word_1_289' title='bbox 771 3443 886 3481; x_wconf 90' lang='lat' dir='ltr'>munere</span> <span class='ocrx_word' id='word_1_290' title='bbox 900 3429 975 3483; x_wconf 84' lang='lat' dir='ltr'>codd.</span> <span class='ocrx_word' id='word_1_291' title='bbox 990 3430 1000 3498; x_wconf 77' lang='lat' dir='ltr'>ll</span> <span class='ocrx_word' id='word_1_292' title='bbox 1013 3432 1049 3481; x_wconf 76' lang='lat'>24</span> <span class='ocrx_word' id='word_1_293' title='bbox 1062 3427 1148 3496; x_wconf 81' lang='lat' dir='ltr'>signi-</span> 
     </span>
     <span class='ocr_line' id='line_1_37' title="bbox 136 3498 1148 3569; baseline 0 -17"><span class='ocrx_word' id='word_1_294' title='bbox 136 3498 292 3567; x_wconf 88' lang='lat' dir='ltr'>ficibusque</span> <span class='ocrx_word' id='word_1_295' title='bbox 314 3499 402 3553; x_wconf 80' lang='lat' dir='ltr'>OPF</span> <span class='ocrx_word' id='word_1_296' title='bbox 426 3502 436 3567; x_wconf 88' lang='lat' dir='ltr'>l</span> <span class='ocrx_word' id='word_1_297' title='bbox 463 3503 496 3551; x_wconf 79' lang='lat'>26</span> <span class='ocrx_word' id='word_1_298' title='bbox 516 3498 666 3552; x_wconf 87' lang='lat' dir='ltr'>concinnat</span> <span class='ocrx_word' id='word_1_299' title='bbox 684 3498 872 3569; x_wconf 70' lang='lat' dir='ltr'>Iacetjobaoo,</span> <span class='ocrx_word' id='word_1_300' title='bbox 899 3498 1032 3553; x_wconf 83' lang='lat' dir='ltr'>conciliat</span> <span class='ocrx_word' id='word_1_301' title='bbox 1050 3499 1148 3568; x_wconf 71' lang='lat' dir='ltr'>Mon,</span> 
     </span>
     <span class='ocr_line' id='line_1_38' title="bbox 137 3569 853 3640; baseline -0.001 -14"><span class='ocrx_word' id='word_1_302' title='bbox 137 3569 271 3626; x_wconf 84' lang='lat' dir='ltr'>conciliet</span> <span class='ocrx_word' id='word_1_303' title='bbox 290 3571 333 3640; x_wconf 59' lang='lat'>1⁴3·</span> <span class='ocrx_word' id='word_1_304' title='bbox 351 3587 389 3626; x_wconf 80' lang='lat' dir='ltr'>aaa</span> <span class='ocrx_word' id='word_1_305' title='bbox 407 3569 546 3624; x_wconf 82' lang='lat' dir='ltr'>cantitat?</span> <span class='ocrx_word' id='word_1_306' title='bbox 561 3575 569 3639; x_wconf 74' lang='lat' dir='ltr'>ll</span> <span class='ocrx_word' id='word_1_307' title='bbox 584 3574 617 3623; x_wconf 81' lang='lat'>29</span> <span class='ocrx_word' id='word_1_308' title='bbox 637 3569 788 3625; x_wconf 82' lang='lat' dir='ltr'>contulisse</span> <span class='ocrx_word' id='word_1_309' title='bbox 810 3570 834 3625; x_wconf 83' lang='grc'><em>0</em></span> <span class='ocrx_word' id='word_1_310' title='bbox 843 3571 853 3639; x_wconf 88' lang='grc' dir='ltr'>ΙΙ</span> 
     </span>
    </p>
   </div>
   <div class='ocr_carea' id='block_1_4' title="bbox 0 0 1337 4030">
    <p class='ocr_par' dir='ltr' id='par_1_4' title="bbox 0 0 1337 4030">
     <span class='ocr_line' id='line_1_39' title="bbox 0 0 1337 4030; baseline 0 0"><span class='ocrx_word' id='word_1_311' title='bbox 0 0 1337 4030; x_wconf 95' lang='lat' dir='ltr'> </span> 
     </span>
    </p>
   </div>
  </div>
 </body>
</html>
