2628 4034
528 194 680 250 GARMEN
699 197 731 252 V.
1072 197 1138 262 265

213 344 306 406 Iulius
329 345 378 405 hic
401 344 552 424 Augustus
575 348 639 407 erit.
687 348 862 408 coniunctus
885 363 984 406 amore

213 440 367 513 praeterea
391 441 436 494 est
459 436 568 517 iuveni,
591 434 711 513 grandis
735 453 823 514 quem
847 437 970 514 spiritus
994 443 1089 496 armat

213 525 294 602 regis
318 524 371 583 avi.
419 541 476 602 quo
500 530 529 585 te
552 521 672 584 vertas?
704 524 740 584 ad
764 523 892 584 culmina
916 523 1018 584 mundi

214 612 263 672 hic
286 612 379 672 iatum
401 612 468 693 lert,
491 612 576 673 ambo
600 614 739 673 animum.
785 630 931 691 consurge
956 612 1101 692 simulque

139 715 195 763 270
214 700 375 779 aggredere
398 703 531 782 ignaros,
555 708 693 763 neutrum
717 709 845 763 mactare
869 700 989 781 valebis,

215 792 241 850 si
264 787 368 850 iubeas
392 798 550 869 utrumque
573 793 662 872 mori3
686 790 739 851 sed
762 797 848 876 necte
871 789 988 850 dolosas

213 876 372 938 blanditias
395 881 457 961 uni,
480 879 560 939 lerro
583 887 682 940 tamen
705 882 762 940 iste
785 885 910 959 petatur.

216 967 286 1046 quid
305 967 411 1045 loquor
430 965 601 1029 incassum?
624 967 699 1029 nihil
717 975 771 1048 est,
791 968 869 1048 quod
888 975 969 1028 tanta
987 986 1138 1028 cavemus:

213 1063 247 1116 ut
269 1063 382 1136 regnet,
404 1059 536 1117 victurus
560 1053 642 1118 eritl'
666 1063 831 1118 commotus
854 1059 885 1117 in
908 1059 967 1116 iras

140 1157 194 1207 275
214 1146 315 1206 Aetius
339 1146 383 1205 sie
405 1164 498 1224 pauca
521 1147 626 1206 refert:
650 1142 817 1225 ‘compesce
841 1146 968 1207 furentis

215 1235 306 1312 impia
329 1242 396 1294 vota
419 1235 517 1294 animi.
563 1242 689 1296 mortem
713 1235 852 1296 mandare
876 1233 978 1296 valebo

212 1325 348 1403 insontis,
370 1329 483 1383 taceam
507 1320 624 1384 nostri?
670 1325 864 1403 quisquamne
888 1329 1037 1404 precatur,

212 1419 246 1472 ut
269 1414 334 1472 sine
358 1410 533 1472 criminibus
558 1415 672 1473 crimen
694 1414 745 1473 iiat
767 1411 842 1474 bene
866 1408 970 1473 nasci?

214 1500 249 1561 ad
273 1519 398 1580 poenam
423 1503 490 1580 quis
514 1502 572 1562 lata
594 1499 700 1562 vocet?
722 1509 773 1562 tua
795 1504 910 1562 viscera
932 1502 1022 1579 ferro,

140 1601 194 1651 280
211 1589 381 1672 Maioriane,
404 1597 512 1672 petam,
535 1590 672 1652 Phoebus
696 1592 722 1651 si
745 1597 832 1651 nocte
855 1589 990 1670 refulget,

212 1677 295 1739 Luna
317 1679 375 1761 die,
398 1678 507 1758 duplex
530 1687 620 1758 ponto
644 1682 671 1740 si
693 1679 825 1759 plaustra
847 1685 971 1739 novatur

213 1766 375 1848 ParrhasiS,
397 1767 544 1829 Atlantem
567 1768 684 1848 TanaiS,
708 1771 734 1829 si
757 1768 888 1847 Bagrada
911 1768 1008 1837 cernit

217 1855 378 1936 Caucason,
401 1856 541 1937 Hercynii
564 1861 696 1919 nemoris
719 1859 745 1917 si
769 1859 869 1936 stipite
892 1855 992 1916 lintris

214 1951 294 2005 texta
317 1944 498 2006 Nabataeum
521 1965 575 2025 pro
599 1946 702 2008 Rheno
726 1946 820 2007 sulcat
842 1944 1009 2025 Hydaspen,

143 2045 194 2095 285
214 2036 241 2093 si
263 2032 339 2108 bibit
361 2033 509 2113 Hispanus
533 2033 653 2114 Gangen
676 2035 845 2115 tepidisque
869 2033 905 2096 ab
928 2031 1064 2112 Erythris

214 2123 249 2183 ad
273 2122 476 2183 Tartesiacum
498 2127 579 2184 venit
601 2124 692 2186 ludus
716 2131 839 2204 aquator
861 2122 1014 2201 Hiberum,

213 2213 240 2271 si
263 2229 295 2272 se
319 2210 448 2272 Pollucis
470 2213 623 2291 perfundit
645 2217 787 2292 sanguiue
811 2212 924 2294 Castor,

212 2300 326 2361 Thesea
349 2300 483 2380 Pirithoi,
506 2301 633 2380 Pyladen
657 2305 683 2362 si
705 2305 808 2363 stravit
831 2301 954 2363 Orestae

213 2389 260 2449 vel
282 2388 442 2450 furibunda
464 2408 579 2471 manue,
601 2398 720 2469 raperet
743 2409 810 2451 cum
833 2390 959 2451 Taurica
983 2410 1065 2452 sacra

144 2490 193 2539 too
212 2478 367 2539 matricida
389 2480 466 2557 pius.
512 2478 564 2539 sed
588 2496 625 2538 ne
650 2481 797 2558 sprevisse
822 2479 954 2540 dolorem

212 2566 288 2627 lorte
311 2573 396 2628 tuum
418 2566 529 2647 videar,
551 2569 628 2627 vivat
651 2575 807 2646 careatque
831 2586 990 2647 parumper

211 2654 325 2716 militia.
371 2656 430 2718 heu
452 2659 550 2736 potuit
572 2654 667 2738 nobis,
690 2657 749 2716 nisi
771 2658 858 2716 triste
881 2662 1026 2736 putasses,

212 2745 360 2805 fortunam
384 2745 493 2805 debere
517 2741 621 2806 suam?
668 2747 711 2805 sic
734 2745 812 2805 latur
835 2751 865 2804 et
888 2743 971 2805 illum

210 2851 281 2894 rure
304 2833 387 2894 iubet
409 2836 505 2913 patrio
529 2841 629 2895 suetos
653 2841 768 2895 mutare
791 2833 917 2915 labores,

144 2934 192 2984 ooo
212 2923 339 2984 satorum
364 2929 503 2983 currente
527 2931 599 3002 rota,
624 2942 682 3002 quo
706 2922 843 3002 disceret,
868 2924 931 3000 agri

213 3010 284 3090 quid
308 3029 511 3090 possessorem
535 3019 660 3092 maneat,
684 3029 759 3091 quos
782 3011 910 3089 denique
934 3028 1033 3070 mores

209 3102 257 3161 ius
281 3099 366 3161 civile
390 3107 482 3182 paret,
506 3119 544 3161 ne
568 3100 659 3161 solam
683 3100 787 3160 militis
810 3107 903 3160 artem

210 3189 303 3250 ferret
325 3188 361 3249 ad
384 3191 552 3268 imperium.
599 3188 795 3269 suspenderat
818 3188 899 3249 ilicet
922 3205 1002 3248 arma

190 3417 252 3468 284.
272 3418 325 3468 285
344 3430 393 3469 oon.
414 3414 440 3467 Τ
452 3415 461 3483 ΙΙ
479 3417 532 3467 285
550 3429 673 3483 gangem
687 3413 781 3468 PTF
791 3415 801 3483 l
815 3416 866 3467 288
885 3411 1025 3482 pirithous
1041 3411 1136 3480 OTF,

125 3483 265 3628 {ffihqeus
284 3484 333 3554 Py
347 3491 397 3540 292
417 3502 468 3540 om.
486 3485 533 3554 011
551 3490 603 3540 296
623 3501 680 3554 qua
698 3486 751 3555 ΜΙ
769 3483 831 3554 egri
849 3483 1041 3554 Iacetjohoom,
1066 3499 1135 3552 agro
