2580 4042
476 201 627 258 chamon
645 203 743 260 XXIV.

263 356 392 414 coniunx
414 352 574 433 Papianilla
597 371 686 432 quem
708 353 816 433 pudico

263 461 348 503 curas
371 444 552 523 participans
574 444 655 502 iuvat
676 441 786 523 labore,

264 531 358 611 qualis
382 550 438 592 nec
460 530 603 609 Tanaquil
626 531 682 592 fuit
704 549 759 591 neu
781 529 841 611 illa,

209 631 244 680 4ο
264 639 352 699 quam
375 628 416 701 tu,
440 620 625 700 Tricipitine,
648 623 820 700 procreasti,

264 708 358 788 qualis
381 727 437 770 neo
460 708 602 788 Phrygiae
626 709 721 769 dicata
743 709 847 769 Vestae

264 816 338 876 quae
362 805 464 858 contra
488 800 559 858 satis
580 796 714 858 Albulam
737 805 900 858 tumentem

264 886 347 947 duxit
370 889 502 965 virgineo
526 895 620 948 ratem
644 885 758 966 capillo.

261 976 332 1036 hinc
354 983 384 1036 te
407 975 543 1056 Laesum,
567 975 718 1036 Caucason
742 973 916 1054 Scytharum

208 1067 393 1145 conlucens,
416 1067 540 1144 aspiciet
563 1067 699 1142 citusque
723 1064 838 1144 Tarnis,

263 1153 401 1214 limosum
424 1161 454 1213 et
477 1153 571 1213 solido
595 1171 699 1232 sapore
722 1170 860 1233 pressum

261 1245 374 1322 piscem
397 1244 554 1321 perspicua
577 1260 684 1321 gerens
707 1244 738 1302 in
761 1241 848 1302 unda.

261 1331 310 1391 hic
334 1331 398 1391 Zeti
420 1341 450 1391 et
473 1331 568 1392 Calais
591 1330 647 1391 tibi
670 1330 743 1392 adde
766 1348 879 1410 pennas

262 1419 488 1498 nimbosumque
511 1423 613 1499 iugum
637 1420 725 1498 fugax
748 1427 861 1500 caveto,

208 1518 243 1568 uo
261 1526 388 1588 namque
412 1516 458 1569 est
481 1508 615 1569 assiduae
640 1509 721 1569 ferax
744 1507 905 1589 procellae3

263 1598 315 1658 sed
340 1599 474 1677 quamvis
497 1598 600 1677 rapido
623 1597 720 1658 serare
743 1615 843 1678 cursu,

261 1685 372 1748 lassum
395 1695 424 1747 te
447 1685 629 1765 Vorocingus
654 1684 807 1746 obtinebit.

261 1783 397 1835 nostrum
420 1776 469 1835 hic
491 1778 626 1836 invenies
649 1774 858 1856 Apollinarem,

262 1881 316 1924 seu
338 1871 441 1925 contra
463 1865 559 1925 rabidi
582 1864 690 1924 Leonis
714 1871 813 1924 aestus

209 1961 243 2011 uu
262 1954 351 2012 vestit
374 1952 483 2031 frigore
507 1971 689 2014 marmorum
711 1959 842 2033 penates,

263 2042 324 2100 sive
347 2040 442 2101 hortis
466 2045 609 2120 spatiatur
632 2045 664 2101 in
687 2044 825 2121 repostis,

263 2129 363 2208 quales
387 2128 531 2190 mellifera
554 2134 650 2191 virent
673 2133 705 2191 in
728 2129 829 2211 Hybla,

263 2218 364 2296 quales
388 2217 544 2297 Corycium
567 2237 669 2280 senem
692 2219 815 2280 beantes

262 2306 395 2367 fuscabat
417 2309 496 2386 picei
517 2307 595 2368 latex
618 2307 747 2389 Galaesi;

208 2406 243 2455 oo
263 2397 324 2456 sive
347 2397 426 2456 iuter
448 2395 549 2476 viulas,
571 2396 713 2477 thymum,
735 2396 902 2477 ligustrum,
1056 2471 1058 2481 ‚

263 2484 432 2566 serpyllum,
456 2487 574 2565 casiam,
597 2503 718 2545 crocum
740 2492 829 2564 atque
852 2484 966 2567 caltam,

263 2575 413 2634 narcissus
436 2573 702 2653 hyacinthinosque
725 2573 814 2633 liores

264 2664 386 2742 spernit,
409 2681 497 2741 quam
520 2665 609 2743 pretii
632 2664 741 2741 petitor
764 2661 854 2740 ampli

262 2750 394 2829 glaebam
417 2752 524 2811 turifer
546 2751 665 2811 advehit
688 2750 830 2831 Sabaeus3

210 2852 244 2901 ut
264 2856 318 2899 seu
341 2840 409 2900 lictu
432 2842 530 2919 potius
555 2858 645 2920 specu
669 2842 797 2919 quiescit

263 2927 346 2988 collis
368 2931 509 3010 margine,
533 2948 590 3008 qua
612 2947 718 2990 nemus
742 2928 886 2989 reflexum

262 3019 390 3078 nativam
414 3017 484 3078 dare
507 3020 654 3096 porticum
677 3016 813 3078 laborans

262 3124 322 3166 non
344 3105 444 3167 lucum
466 3106 622 3167 arboribus
645 3107 724 3187 lacit,
747 3106 798 3166 sed
822 3114 948 3168 autrum.

263 3197 329 3273 quis
352 3197 484 3274 pomaria
506 3197 604 3274 prisca
627 3197 707 3273 regis
729 3194 795 3254 lndi

211 3295 244 3344 ιο
261 3283 309 3343 hic
332 3302 411 3344 nunc
435 3289 585 3363 comparet
607 3301 770 3362 aureasque
794 3286 869 3344 vites

105 3558 124 3612 fl
143 3575 160 3613 a
176 3488 394 3631 {inverecinguu
411 3489 439 3560 0,
458 3489 625 3561 voracingus
639 3492 703 3562 PT,
720 3490 888 3562 verucingus
907 3492 959 3562 1¹⁷ss
973 3495 1006 3546 57
1025 3491 1115 3546 melli·

125 3576 142 3612 u

157 3659 328 3702 Aronnmms
342 3661 377 3702 ed.
392 3662 477 3703 Mohr.
569 3665 572 3672 '
921 3659 955 3709 23
