2614 4030
536 247 750 304 PRAEFATIO.
1097 249 1151 304 VII

131 401 248 464 codicis
272 403 305 462 in
327 418 426 461 meum
450 418 538 460 usum
561 399 809 460 exscriberentur.
841 398 895 459 Est
918 407 1016 461 autem
1040 398 1066 460 N
1090 392 1148 483 (sic

132 491 321 553 Chatelainio
335 496 496 569 praeeunte
511 507 578 549 eum
593 482 741 573 significo)
758 507 824 549 cum
838 486 862 546 L
877 491 1024 549 artissima
1043 506 1148 567 cogna-

133 583 218 640 tione
249 597 391 659 conexus,
422 578 474 638 sed
506 585 609 657 postea
636 597 653 638 a
676 577 797 637 librario
826 579 906 657 ipso,
928 581 1036 657 partim
1060 580 1148 638 etiam

138 669 177 730 ab
202 668 294 729 altera
317 686 405 728 manu
428 667 485 728 alio
509 667 609 727 codice
634 666 764 727 adhibito
784 666 1051 727 innumerabilibus
1074 667 1147 726 locis

136 775 360 836 nonnumquam
384 759 425 816 ita
449 763 615 836 correctus,
639 763 671 816 nt
689 757 815 835 pristina
834 754 922 816 lectio
946 757 994 815 vix
1013 763 1063 816 ant
1087 775 1148 817 om-

136 850 209 908 nino
232 864 294 906 non
316 847 411 925 possit
438 847 516 925 erui3
545 852 698 924 praeterea
726 844 794 904 inde
823 843 859 904 ab
883 862 929 923 ep.
948 844 965 904 l.
985 844 1024 904 Ill
1047 864 1149 905 omnes

136 938 201 997 fere
224 933 419 1015 epistularum
442 936 667 1013 inscriptiones.
682 935 813 1012 nigriore
841 939 1005 994 atramento
1034 933 1149 994 additae

136 1032 215 1086 sunt.
239 1023 361 1084 Praeter
383 1022 503 1083 lacunas
527 1025 554 1082 ei
578 1041 645 1082 cum
668 1021 692 1081 L
716 1040 888 1082 communes
911 1022 1073 1102 deperditis
1097 1023 1149 1083 ali-

136 1121 211 1193 quot
234 1113 313 1172 loliis
336 1112 408 1172 baec
427 1111 547 1172 desunt:
572 1130 616 1190 ep.
636 1111 684 1192 Ill,
705 1109 755 1192 13,
774 1109 794 1173 6
818 1107 982 1191 disten[dit
1000 1130 1093 1190 usqne
1113 1112 1148 1172 ad

135 1203 155 1280 ᾗ
173 1199 214 1264 11
235 1197 387 1281 moribus]
406 1206 489 1273 ναῖε,Ι
514 1198 631 1281 v1‚4,3
650 1211 684 1262 ut
705 1220 771 1262 sese
786 1201 959 1279 sartosque
974 1201 1010 1261 ad
1025 1200 1069 1282 VI,
1085 1199 1114 1280 8,
1131 1201 1147 1262 1

135 1296 257 1362 alicam
280 1289 352 1370 Vlll,
367 1285 409 1350 14
428 1290 463 1350 ab
487 1291 573 1350 initio
592 1308 687 1367 usqne
711 1290 746 1349 ad
770 1287 825 1366 §8
849 1294 998 1362 coleman
1021 1289 1069 1370 tx,
1083 1288 1113 1371 3,
1130 1289 1147 1351 7

138 1390 213 1442 tuac
237 1383 316 1440 enim
339 1396 432 1456 usque
457 1378 493 1438 ad
517 1378 564 1459 lX,
584 1376 613 1459 6,
632 1376 652 1438 3
677 1381 714 1439 ab
739 1397 865 1450 errore,·
888 1378 997 1439 desinit
1015 1397 1084 1439 cum
1103 1397 1148 1458 ep.

136 1470 154 1530 l.
175 1469 215 1529 lx
234 1466 263 1531 6.
300 1467 341 1528 De
365 1467 457 1527 altero
481 1467 582 1528 codice
602 1469 674 1528 item
693 1467 843 1528 Laudiano
862 1467 956 1547 alfini,
980 1471 1023 1528 sic
1042 1475 1149 1548 tamen,

135 1569 170 1619 ul
188 1561 247 1618 iam
267 1559 393 1617 mixtum
412 1556 559 1635 quoddam
579 1558 743 1635 scripturae
767 1574 860 1634 genus
884 1556 1029 1638 exhibeat,
1056 1557 1148 1618 Vati-

135 1665 229 1710 cano
254 1643 340 1708 1783
355 1665 378 1706 s.
394 1645 420 1704 X
434 1639 486 1728 (V)
501 1645 593 1705 multa
612 1663 648 1705 ex
663 1644 861 1705 Gustalssonii
880 1645 956 1705 libro
980 1645 1039 1725 illo,
1059 1665 1147 1724 quem
1165 1649 1192 1702 V

136 1753 228 1815 supra
252 1737 493 1814 commemoravi,
520 1734 640 1795 haurire
668 1735 768 1813 potui,
792 1732 846 1792 alia
870 1736 934 1812 ipse
958 1752 1012 1812 per
1034 1734 1148 1795 litteras

135 1825 351 1903 benignissime
384 1842 431 1883 me
465 1822 572 1884 docuit.
618 1823 651 1882 ln
681 1821 737 1881 hoc
768 1821 869 1882 codice
906 1821 1008 1882 eadem
1041 1823 1148 1884 desunt

136 1932 213 1992 quae
242 1915 274 1972 in
302 1915 410 1973 ceteris
441 1912 531 1972 buius
562 1911 704 1992 familiae,
733 1910 784 1970 sed
817 1913 906 1970 etiam
930 1929 975 1990 ep.
990 1911 1011 1991 l,
1034 1911 1049 1971 1
1075 1911 1148 1973 et2

134 2005 307 2083 perierunt3
340 2002 450 2062 desinit
481 2008 580 2061 autem
613 2019 680 2060 curn
714 1996 967 2080 ep.V111‚12,8
996 2008 1058 2061 tam
1086 2005 1149 2078 ipse

134 2109 229 2167 quam
249 2094 363 2167 petria.

203 2179 266 2240 lam
294 2186 328 2239 ut
358 2178 501 2256 breviter,
530 2195 618 2256 quam
645 2179 789 2238 rationem
817 2179 847 2237 in
875 2177 1011 2256 epistulis
1044 2197 1147 2239 recen-

135 2269 239 2329 sendis
260 2275 379 2328 secutus
399 2269 464 2348 sim,
479 2285 632 2347 exponam,
651 2266 706 2326 boc
725 2266 798 2326 mibi
812 2269 956 2347 persuasi,
974 2267 1026 2327 ubi
1041 2270 1147 2328 celeris

136 2357 222 2418 libris
252 2356 362 2417 codicis
390 2355 416 2416 N
443 2358 646 2416 testimonium
674 2362 775 2416 contra
802 2353 826 2413 L
859 2355 1026 2436 accederet,
1058 2355 1147 2416 huius

135 2446 296 2508 lectionem
319 2446 380 2506 lere
404 2444 640 2524 improbandam,
664 2451 693 2504 at
715 2444 767 2504 ubi
790 2444 896 2504 LetN
921 2437 981 2527 (vel
1004 2446 1093 2504 etiam
1108 2438 1147 2527 V)

135 2538 217 2595 inter
241 2553 272 2594 se
296 2537 513 2614 consentirent,
541 2551 600 2593 non
628 2535 692 2594 sine
717 2535 899 2612 gravissimis
922 2535 1020 2593 causis
1044 2533 1079 2594 ab
1104 2535 1148 2594 eis

136 2623 350 2702 recedendum,
382 2625 414 2682 in
446 2621 489 2683 eis
523 2629 621 2683 autem
652 2622 802 2703 partibuS,
832 2620 885 2682 ubi
916 2622 1055 2682 meliores
1079 2621 1149 2682 libri

136 2713 291 2793 deessent,
321 2718 404 2772 cauta
434 2710 646 2772 deliberatione
670 2711 815 2791 adbibita,
843 2710 913 2789 qnid
941 2730 1059 2790 quoque
1083 2710 1147 2771 loco

137 2820 240 2863 verum
255 2801 414 2883 videretur,
433 2801 649 2880 dispiciendum
669 2818 734 2860 esse
754 2799 843 2878 idque
863 2799 1055 2880 seligendum,
1069 2800 1148 2878 quod

136 2897 190 2951 aut
211 2892 287 2950 ratio
310 2892 374 2969 ipsa
398 2897 448 2950 aut
466 2890 581 2949 Sidonii
600 2888 759 2949 aliorumve
784 2891 962 2966 scriptorum
982 2890 1045 2948 eius
1066 2891 1148 2948 simi·
1172 2887 1173 2890 ’

136 2980 210 3040 lium
235 2996 328 3058 genus
352 2979 470 3039 dicendi
493 2977 644 3058 probabile
669 2978 796 3038 iecisset.
843 2976 981 3036 Ceterum
1005 2983 1148 3037 nontam

135 3068 338 3129 emendatoris
370 3069 504 3146 indigere
532 3067 686 3128 Sidonium
718 3084 805 3144 quam
833 3067 1005 3145 interpretis
1028 3067 1060 3126 in
1084 3066 1148 3127 dies

136 3161 232 3236 magis
254 3173 303 3216 me
326 3159 513 3235 perspexisse
536 3155 630 3216 libere
652 3155 802 3235 profiteor.

205 3245 369 3324 Antequam
394 3245 429 3306 ad
453 3247 583 3305 carmina
606 3252 767 3324 transeam,
795 3250 899 3323 restat,
926 3251 960 3304 ut
987 3244 1023 3304 de
1051 3243 1147 3304 tribus

138 3335 361 3414 additamentiS,
391 3353 466 3413 quae
490 3336 521 3395 in
545 3330 659 3393 ‘Nanzii
682 3327 796 3392 codice’
820 3331 942 3413 Savaro,
969 3335 1001 3393 in
1024 3329 1147 3413 ‘optimo

138 3420 205 3484 sno’
232 3416 485 3506 Wonwerenus*)
514 3442 546 3483 se
573 3423 722 3482 invenisse
751 3421 866 3502 dicunt,
893 3439 986 3500 panca
1010 3421 1148 3504 adiciam,

210 3613 234 3682 ·)
254 3611 365 3667 Ceteras
388 3612 471 3666 huius
495 3609 600 3666 codicis
621 3611 744 3680 ‘optimi’
770 3609 905 3664 lectiones
926 3627 943 3662 a
962 3610 1148 3664 Wouwereno
