2628 4034
508 213 660 270 canduit
678 215 777 271 XXlll.
1082 213 1147 279 347

294 364 373 425 cedit
396 372 476 425 terra
499 367 573 425 rotis
597 372 627 425 et
650 364 813 426 orbitarum

293 461 374 514 moto
397 453 518 532 pulvere
542 453 711 514 sordidatur
733 472 796 535 aer3

223 555 275 604 330
294 544 406 603 instant
427 542 603 603 verberibus
626 540 715 602 simul
737 549 885 623 regentes,

294 633 412 710 iamque
436 638 466 691 et
488 642 608 710 pectora
630 649 724 710 prona
748 632 784 692 de
808 633 934 692 covinno

293 722 409 781 extensi
431 722 588 799 rapiuntur
611 728 641 780 et
663 719 775 799 iugales

292 817 375 870 trans
398 827 496 869 armos
519 809 631 870 feriunt
653 816 774 870 vacante
797 815 890 891 tergo,

294 916 349 958 uec
373 916 478 959 cernas
502 900 569 979 cito,
593 916 720 959 cernuos
743 901 901 978 magistros

222 998 274 1049 333
292 994 428 1048 temones
451 1005 535 1066 mage
558 987 702 1048 sufferant
725 1006 762 1048 au
785 1004 863 1047 axes.

292 1078 351 1137 iam
374 1093 426 1135 vos
450 1093 486 1135 er
510 1074 604 1136 oculis
627 1075 707 1136 velut
729 1075 861 1136 volantes

294 1171 470 1244 consumpto
494 1167 588 1243 spatio
611 1167 777 1244 patentiore

294 1272 414 1332 campus
438 1252 585 1314 clauserat
607 1261 689 1314 artus
712 1261 774 1314 arte
798 1253 902 1333 iactus,

294 1360 349 1421 per
372 1360 459 1421 quem
483 1341 609 1423 longam,
630 1341 773 1403 humilem
797 1341 974 1422 duplamque
997 1360 1083 1403 muro

223 1442 275 1491 300
294 1433 417 1510 euripus
441 1429 499 1490 sibi
522 1431 687 1492 machinam
710 1431 844 1492 tetendit.

294 1528 327 1581 ut
349 1527 427 1580 meta
450 1518 575 1580 ulterior
598 1522 714 1580 remisit
738 1538 849 1601 omnes,

293 1610 326 1670 nt
349 1607 460 1687 collega
483 1614 553 1670 tuus
576 1611 660 1687 prior
682 1608 807 1690 duobus,

294 1700 397 1778 quite
421 1700 615 1778 transierant3
638 1699 679 1758 ita
702 1700 767 1777 ipse
791 1705 915 1777 quartus

242 1847 247 1862 ,
294 1788 359 1866 gyri
382 1787 557 1848 condicione
580 1794 644 1848 tum
659 1788 761 1848 'suisti

222 1885 274 1935 330
294 1893 382 1936 curae
406 1883 453 1936 est
475 1875 505 1935 id
529 1876 645 1957 mediis
668 1883 702 1936 ut
724 1875 774 1936 ille
797 1877 913 1954 primus

292 1982 415 2043 pressus
439 1964 605 2026 dexteriore
629 1967 787 2045 concitatu,

292 2060 407 2132 partem
430 2055 457 2112 si
479 2055 653 2131 patefecerit
676 2056 826 2115 sinistram

292 2148 369 2202 totas
392 2141 428 2201 ad
452 2142 572 2220 podium
595 2142 695 2203 ferens
718 2142 857 2221 habenas,

294 2248 384 2292 curru
407 2237 612 2308 praetereatur
634 2234 715 2292 intus
739 2239 812 2293 acto.

223 2330 275 2380 3⁷0
293 2327 327 2380 tu
351 2321 505 2380 conamine
529 2318 695 2398 duplicatus
718 2323 783 2400 ipso

293 2409 415 2486 stringis
439 2407 630 2486 quadriiugos
655 2416 684 2468 et
707 2416 770 2469 arte
794 2427 909 2470 summa

292 2499 324 2557 in
347 2514 452 2576 gyrum
474 2496 550 2557 bene
575 2499 734 2576 septimum
757 2515 907 2578 reservas3

292 2585 442 2646 instabant
464 2584 514 2646 alii
536 2603 626 2646 manu
649 2592 737 2665 atque
759 2604 841 2667 voce,

293 2675 405 2753 passim
429 2681 459 2734 et
482 2674 616 2735 deciduis
639 2677 671 2735 iu
694 2692 763 2734 arva
785 2677 877 2753 guttis

222 2775 273 2825 att
292 2769 443 2824 rectorum
466 2762 674 2843 alipedumque
699 2764 790 2824 sudor
812 2762 880 2823 ibat.

292 2870 400 2912 raucus
423 2852 513 2912 corda
536 2853 605 2913 ferit
627 2854 727 2931 fragor
749 2852 898 2913 faventum

294 2949 381 3019 atque
406 2942 480 3020 ipsis
504 2943 617 3020 pariter
639 2943 712 3001 viris
737 2943 880 3020 equisque

293 3031 326 3090 lit
349 3047 440 3090 cursu
463 3029 544 3090 calor
566 3038 596 3090 et
618 3033 725 3091 timore
749 3031 853 3108 frigus.

293 3121 354 3180 itur
377 3121 421 3179 sic
445 3118 546 3198 semel,
568 3121 629 3179 itur
651 3126 682 3179 et
705 3118 845 3199 seeundo,

222 3220 274 3271 380
293 3215 340 3269 est
363 3209 406 3267 sic
429 3209 537 3267 tertius
560 3215 648 3286 atque
672 3215 796 3285 quartus
820 3206 915 3287 orbis3

293 3298 396 3376 quinto
419 3298 523 3356 circite
546 3314 606 3357 non
628 3295 729 3356 valens
753 3303 930 3375 sequentum

203 3507 256 3557 3⁶9
275 3501 376 3556 humili
399 3503 582 3558 Wilamowitz
595 3504 604 3571 {l
618 3507 669 3558 301
689 3501 800 3556 remisit
817 3503 914 3574 onlpm·
933 3499 1029 3556 emisit
1047 3502 1125 3558 codd.
1139 3508 1149 3574 lt

134 3578 186 3629 act
205 3574 272 3627 tunc
293 3573 318 3628 Τ
329 3577 338 3645 l
353 3579 404 3628 376
423 3572 505 3630 favor
525 3573 577 3630 OT
588 3577 597 3645 ΙΙ
