2660 4030
166 188 229 253 148
434 163 438 173 '
512 155 825 244 emerserimus.

164 335 307 398 intellecti
330 334 427 396 dentis
451 333 578 396 arrodat.
624 332 653 396 3.
676 351 804 413 namque
828 333 923 393 hostis
946 332 1096 412 antiquus,
1120 349 1186 410 quo

164 425 280 487 facilius
302 423 426 485 insultet
442 422 589 484 balatibus
608 425 707 483 ovium
725 423 943 503 destitutarum,
966 421 1187 481 dormitantum

164 517 249 594 prius
277 515 383 592 incipit
409 511 576 574 cervicibus
603 513 762 573 imminere
791 518 952 591 pastorum.
999 528 1097 589 neque
1125 527 1186 588 ego
1261 549 1269 566 .

166 606 207 664 ita
228 604 289 663 mei
311 604 477 665 meminens
499 619 560 664 non
583 620 659 682 sum,
681 607 716 661 ut
738 617 925 679 nequaquam
944 618 991 660 me
1010 599 1089 659 hunc
1113 617 1186 659 esse

62 705 66 718 ·
138 711 151 752 o
165 693 349 772 reminiscar,
373 709 461 770 quem
480 689 575 769 longis
592 691 688 752 adhuc
702 689 848 751 abluenda
862 689 984 750 fletibus
998 689 1186 749 conscientia
1296 739 1299 748 .

164 787 293 861 premat3
321 782 406 841 ouius
430 787 562 841 stercora
584 786 684 840 tamen
707 779 763 840 suh
787 796 842 858 ope
867 777 979 839 Christi
1003 777 1185 856 quandoque

165 871 299 950 mysticis
331 871 498 930 orationum
530 875 650 930 tuarum
689 869 795 929 rastris
827 866 1073 928 eruderabuntur.
1129 865 1186 928 sed

49 1007 52 1012 .
166 961 307 1038 quoniam
331 947 534 1038 supereminet
560 959 668 1037 privati
697 963 799 1018 reatus
826 956 1042 1017 verecundiam
1062 954 1187 1035 publica

168 1047 256 1128 salus,
279 1053 339 1107 non
360 1046 495 1128 verebor,
518 1049 575 1107 etsi
598 1053 699 1126 carpat
722 1045 819 1106 zelum
843 1047 874 1106 in
897 1063 944 1106 me
968 1045 1038 1105 fidei
1061 1045 1188 1104 sinister

128 1158 154 1198 ιο
167 1139 329 1217 interpres,
360 1135 416 1197 sub
438 1133 576 1196 vanitatis
604 1135 716 1196 invidia
739 1153 858 1224 causam
885 1134 1012 1214 prodere
1039 1136 1186 1194 veritatis.
1269 1139 1274 1152 '

167 1225 197 1287 4.
220 1224 331 1285 Euarix
358 1243 411 1284 rex
439 1223 602 1285 Gothorum
635 1224 713 1304 quod
746 1223 872 1284 limitem
904 1225 990 1302 regui
1020 1225 1068 1284 sui
1084 1230 1186 1302 ‚rupto

170 1312 374 1393 dissolutoque
398 1313 518 1374 loedere
542 1315 663 1393 antiquo
687 1313 734 1373 vel
752 1320 865 1374 tutatur
884 1330 1035 1374 armornm
1053 1315 1119 1373 iure
1138 1310 1189 1372 vel

132 1395 135 1402 ’
170 1409 338 1483 promovet,
365 1421 421 1462 nec
444 1401 531 1463 nobis
554 1401 761 1482 peccatqribus
783 1403 833 1463 hic
856 1419 995 1462 accusare
1023 1419 1079 1462 neo
1101 1401 1188 1461 vobis

172 1493 283 1552 sanctis
306 1491 355 1552 hic
379 1491 527 1552 discutere
550 1495 729 1571 permissum
753 1497 807 1552 est.
854 1493 927 1570 quin
948 1492 1061 1571 potius,
1089 1492 1116 1550 si
1139 1507 1189 1550 re-

130 1601 159 1642 15
173 1582 284 1661 quiras,
307 1580 421 1641 ordinis
444 1598 493 1640 res
516 1587 571 1661 est,
598 1588 631 1641 ut
654 1587 685 1641 et
706 1580 788 1640 dives
811 1580 861 1641 hio
883 1597 1015 1660 purpura
1037 1569 1188 1658 byssoque

172 1668 288 1730 veletur
315 1677 346 1729 et
367 1669 495 1730 Lazarus
522 1669 571 1729 hio
602 1669 754 1731 ulceribus
787 1676 817 1729 et
848 1675 1020 1749 paupertate
1048 1668 1188 1748 feriatum

174 1758 289 1818 ordinis
307 1777 356 1818 res
376 1764 430 1840 est,
451 1765 493 1839 ut,
511 1758 582 1820 dum
596 1760 627 1819 in
641 1759 695 1819 hac
710 1757 867 1837 allegorica
880 1776 1033 1818 versamur
1046 1757 1189 1838 Aegypto,

173 1846 287 1908 Pharao
320 1846 440 1908 incedat
471 1865 539 1912 cum
571 1848 750 1928 diademate,
781 1847 915 1909 Israelita
947 1864 1015 1907 cum
1047 1846 1189 1926 cophin03
1282 1923 1285 1930 ι

56 2005 61 2018 ,
175 1936 288 1996 ordinis
308 1955 357 1996 res
376 1943 431 2016 est,
454 1943 496 2017 nt,
519 1936 589 1997 dum
609 1939 640 1997 in
657 1937 713 2006 hac
731 1938 874 2016 figuratae
892 1935 1049 2016 Babylonis
1068 1936 1189 1996 fornace

134 2046 160 2086 ao
174 2025 378 2106 decoquimur,
403 2043 457 2085 nos
481 2043 549 2086 cum
570 2025 720 2086 Hieremia
744 2025 907 2106 spiritalem
929 2023 1116 2086 Hierusalem
1139 2043 1190 2085 su-

174 2115 310 2193 spiriosis
333 2113 506 2192 plangamus
531 2113 691 2175 ululatibus
714 2122 745 2176 et
762 2115 855 2176 Assur
878 2115 957 2174 fastu
977 2116 1060 2192 regio
1079 2121 1188 2174 tonans

174 2208 345 2262 sanctornm
378 2209 478 2262 sancta
510 2201 671 2281 proculcet.
718 2201 746 2266 5.
772 2203 881 2294 qpibus
914 2221 969 2282 ego
996 2209 1191 2286 praesentum

175 2290 402 2369 futurarumque
423 2289 641 2352 beatitudinum
663 2292 919 2354 vicissitudinibus
942 2294 1086 2371 inspectis
1109 2310 1190 2352 com-

175 2380 277 2464 munia
308 2381 469 2459 patientius
500 2381 686 2442 incommoda
714 2382 793 2462 iero;
825 2383 970 2462 primum,
1002 2380 1080 2460 quod
1113 2381 1190 2440 mihi
1247 2429 1250 2440 .

136 2488 162 2529 aa
177 2485 252 2547 quae
276 2486 393 2528 merear
416 2471 647 2552 introspicienti,
675 2488 877 2550 quaecumque
900 2470 1022 2531 adversa
1045 2487 1192 2549 provene-

65 2587 66 2590 ¹
178 2559 247 2637 rint,
276 2556 387 2617 leviora
409 2557 638 2640 reputabuntur,
666 2559 745 2641 dein,
773 2560 851 2638 quod
875 2567 990 2620 certum
1014 2561 1075 2619 scio
1098 2561 1193 2619 maxi·
1240 2597 1243 2606 ι

177 2663 259 2706 mum
286 2663 352 2706 esse
380 2647 543 2707 remedium
571 2649 723 2708 interioris
750 2648 893 2728 hominis,
926 2650 951 2708 si
980 2650 1011 2708 in
1038 2648 1093 2707 hac
1122 2666 1193 2708 area

178 2734 284 2795 mundi
301 2737 391 2796 variis
409 2737 582 2815 passionum
595 2736 718 2815 flagellis
732 2739 890 2798 trituretur
905 2739 1043 2797 exterior.
1081 2734 1110 2798 6.
1131 2737 1194 2816 sed,

178 2823 257 2903 quod
275 2824 426 2885 fatendum
445 2832 499 2906 est,
521 2825 687 2905 praefatum
704 2844 806 2904 regem
821 2825 994 2906 Gothorum,
1014 2843 1194 2904 quamquam

139 2934 165 2973 ao
180 2915 220 2972 sit
242 2912 279 2972 ob
303 2915 410 2974 virium
433 2915 541 2974 merita
564 2913 723 2995 terribilia,
750 2925 810 2975 hon
833 2923 894 2975 tam
915 2913 1056 2975 Romanis
1080 2917 1195 2975 moeni-

61 3049 65 3062 .
179 3001 235 3061 bus
260 3019 348 3080 quam
371 3001 486 3081 legibus
510 3001 686 3064 Christianis
714 3005 923 3064 insidiaturum
950 3022 1083 3083 pavesco.
1129 3011 1195 3064 tan-

180 3096 256 3170 tum,
283 3099 317 3151 ut
340 3091 453 3171 ierunt,
481 3093 539 3172 ori,
568 3098 683 3152 tantum
705 3095 819 3172 pectori
843 3111 896 3153 suo
920 3091 1058 3154 catholici
1080 3095 1195 3153 mentio
1300 3153 1301 3180 ,

181 3181 310 3239 nominis
334 3187 407 3260 acet,
429 3186 463 3240 ut
485 3179 631 3261 ambigas,
653 3181 818 3260 ampliusne
842 3200 912 3242 suae
936 3184 1033 3261 gentis
1057 3199 1094 3241 an
1122 3199 1196 3243 suae
1300 3233 1301 3236 ,

182 3274 278 3328 sectae
304 3275 409 3333 ,teneat
440 3271 647 3348 principatum.
702 3270 739 3330 ad
776 3271 831 3330 hoc
863 3273 954 3331 armis
986 3277 1093 3350 potens
1125 3289 1196 3332 acer

142 3358 289 3417 unanimis
322 3355 417 3417 alacer
449 3360 533 3418 annis
565 3356 644 3419 hunc
675 3358 771 3420 solnm
798 3361 909 3439 patitur
937 3377 1083 3440 errorem,
1116 3361 1198 3438 quod

256 3547 272 3595 2
291 3542 368 3610 prius
387 3543 590 3599 dormitantum
609 3546 633 3602 0
642 3549 652 3616 ΙΙ
