2660 4030
192 196 256 262 156
543 194 652 250 uinea
671 193 856 251 sarsinas.
890 167 911 252 ,⁴

190 341 388 427 nominatur',
419 347 571 426 inquiunt,
604 339 680 404 ‘non
708 339 855 425 episcopi,
885 344 936 404 sed
965 347 1065 424 potius
1094 345 1212 408 abbatis

192 435 321 515 complet
344 435 475 496 cilicium
499 441 528 494 et
550 432 737 495 intercedere
760 435 855 512 magis
877 451 932 513 pro
952 433 1107 495 animabus
1131 435 1212 515 apud

192 523 351 586 caelestem
384 541 472 603 quam
503 541 557 602 pro
589 521 765 601 corporibus
793 523 869 601 apud
897 529 1051 584 terrenum
1079 523 1211 584 iudicem

192 607 310 693 potest'.
357 612 408 673 sed
432 614 499 692 quis
522 629 583 672 non
606 610 827 693 exacerbescat,
850 630 918 672 cum
940 613 1038 698 videat
1062 612 1212 673 sordidari

166 705 337 764 evirtutum
366 703 568 762 sinceritatem
595 701 801 761 criminatione
824 698 987 762 vitiorum?
1034 698 1083 763 10.
1108 704 1133 762 si
1157 701 1211 761 eli-

193 793 290 870 gimus
313 790 470 871 humilem,
493 795 615 850 vocatur
638 789 788 850 abiectus:
815 791 840 850 si
862 790 1043 869 proferimus
1067 797 1211 871 erectum,

194 879 349 960 superbire
369 886 521 960 censetnr3
541 880 681 939 siminus
695 880 873 959 institutum,
892 886 1015 965 propter
1029 881 1212 959 imperitiam
1316 883 1317 886 ’

194 969 327 1029 creditur
350 967 540 1029 inridendus:
565 969 591 1028 si
615 967 800 1046 aliquatenus
824 967 953 1048 doctum,
971 975 1094 1048 propter
1113 970 1211 1029 scien-

195 1060 267 1118 tiam
286 1056 430 1118 clamatur
448 1057 582 1137 iullatus3
606 1059 632 1116 si
656 1074 801 1137 severum,
823 1063 975 1134 tamquam
992 1056 1122 1118 crudelis
1140 1057 1212 1117 bor·

104 1191 111 1204 .
155 1153 291 1207 1oretur:
326 1148 352 1206 si
383 1145 600 1226 indulgentem,
631 1144 770 1205 facilitate
799 1144 948 1226 culpatum
981 1147 1007 1206 si
1035 1145 1212 1226 simplicem,

196 1234 359 1313 despicitur
382 1241 416 1294 nt
437 1234 557 1294 brutus:
581 1236 607 1294 si
630 1252 737 1315 acrem,
759 1236 868 1294 vitatur
887 1242 920 1294 ut
939 1234 1075 1315 callidus3
1099 1236 1125 1294 si
1143 1234 1212 1295 dili-

196 1330 323 1404 gentem,
347 1325 572 1403 superstitiosus
596 1323 780 1383 decernitur:
808 1325 835 1382 si
857 1325 1026 1405 remissum,
1049 1323 1211 1403 neglegens

196 1409 361 1493 iudicatur3'
386 1414 412 1472 si
435 1411 594 1492 sollertem,
618 1412 757 1490 cupidus:
781 1414 807 1471 si
830 1413 977 1493 quietum,
1000 1415 1213 1492 pronuntiatur

196 1503 333 1581 ignavus3
366 1501 596 1562 siabstemium
624 1500 829 1581 producimus,
861 1519 967 1562 avarus
994 1503 1151 1581 accipitur:
1184 1504 1213 1562 si
1317 1537 1318 1580 3

157 1610 183 1650 rs
198 1609 279 1672 eum,
303 1592 354 1669 qni
377 1589 549 1669 prandendo
572 1596 687 1670 pascat,
710 1589 864 1651 edacitatis
887 1591 1054 1670 impetitur:
1082 1591 1108 1650 si
1131 1603 1211 1672 eum,
1253 1619 1257 1628 ⁴

177 1681 249 1758 *qui
277 1678 425 1758 pascendo
454 1681 579 1759 ieiunet,
609 1681 747 1739 vanitatis
774 1681 916 1758 arguitur.
965 1676 1014 1741 11.
1042 1678 1212 1740 libertatem

196 1787 250 1848 pro
279 1767 467 1847 improbitate
495 1766 704 1829 condemnant:
731 1768 940 1828 verecundiam
967 1786 1021 1847 pro
1044 1770 1211 1829 rusticitate

196 1857 363 1938 fastidiunt,
382 1857 494 1935 rigidos
514 1856 551 1916 ob
570 1858 773 1916 austeritatem
791 1875 851 1917 non
869 1856 979 1918 babent
993 1875 1090 1918 caros:
1109 1856 1213 1918 blandi

197 1946 275 2026 apud
299 1964 350 2006 eos
374 1947 580 2006 communione
604 1943 757 2006 vilescunt.
795 1964 828 2007 ac
852 1947 909 2026 sic,
936 1945 1077 2007 utrolibet
1100 1964 1211 2025 genere
1313 1939 1318 1988 ·’

158 2054 185 2094 ao
199 2037 322 2116 vivatur,
342 2053 460 2114 semper
477 2035 526 2095 hic
545 2041 644 2095 tamen
662 2033 808 2095 bonarum
822 2037 950 2114 partium
965 2053 1064 2096 mores
1078 2053 1212 2114 pungen·
1318 2032 1319 2086 Τ

198 2123 279 2185 tibus
302 2122 412 2202 linguis
436 2122 647 2183 maledicorum
670 2122 761 2184 veluti
783 2123 956 2203 bicipitibus
974 2124 1070 2185 hamis
1088 2126 1212 2186 inunca-

198 2212 318 2273 buntur.
359 2215 438 2272 inter
460 2211 533 2272 baec
555 2211 814 2273 monasterialibus
839 2212 1005 2292 disciplinis
1028 2231 1116 2292 aegre
1140 2213 1211 2274 sub-

197 2302 278 2361 ditur
305 2299 350 2359 rel
378 2300 566 2380 popularium
589 2303 779 2362 cervicositas
806 2300 852 2362 rel
879 2300 999 2362 licentia
1022 2302 1209 2363 clericorum.
1270 2373 1273 2380 Ι

199 2388 248 2451 12.
278 2391 303 2449 si
331 2389 472 2450 clericum
500 2389 617 2470 dixero,
649 2393 807 2469 sequentes
835 2390 1035 2472 aemulantur,
1066 2391 1212 2470 derogant

158 2497 183 2538 aa
198 2477 416 2539 antecedentes
449 2496 517 2539 nam
540 2480 581 2540 ita
599 2497 635 2538 ex
653 2479 701 2540 his
720 2481 815 2560 pauci,
839 2480 918 2558 quod
936 2479 1120 2558 reliquorum
1138 2497 1211 2559 pace

136 2627 150 2660 ο
197 2569 237 2628 sit
269 2565 394 2648 dictum,
431 2566 523 2628 solam
556 2567 712 2630 clericatus
748 2568 973 2629 diuturnitatem
1008 2588 1062 2648 pro
1096 2570 1213 2629 meritis

196 2663 349 2718 autumant
372 2655 580 2738 calculandam,
603 2663 637 2717 ut
654 2676 709 2718 nos
728 2660 759 2717 in
778 2659 909 2718 antistite
929 2658 1130 2718 consecrando
1152 2675 1212 2717 uon

69 2799 76 2814 ,
181 2746 354 2826 'utilitatem
377 2745 468 2806 velint
490 2745 599 2825 eligere
624 2746 676 2807 sed
700 2752 839 2828 aetatem,
862 2753 1012 2826 tamquam
1036 2747 1087 2808 diu
1110 2749 1212 2827 potius

197 2854 285 2915 quam
311 2833 389 2895 bene
412 2836 511 2896 vivere
535 2834 641 2896 debeat
664 2837 758 2915 accipi
781 2835 817 2895 ad
841 2854 989 2896 summum
1012 2835 1211 2897 sacerdotium

157 2945 184 2986 ao
198 2924 422 3003 adipiscendum
441 2942 495 3003 pro
513 2926 645 2985 omnium
659 2927 820 3002 gratiarum
835 2924 988 3004 privilegio
1003 2925 1212 2986 decoramento

88 3001 93 3012 ’
197 3013 441 3074 lenocinamento.
488 3020 518 3073 et
540 3015 580 3074 ita
604 3015 749 3094 quipiam,
776 3014 807 3073 in
831 3013 1027 3074 ministrando
1051 3031 1156 3092 segnes
1180 3015 1212 3074 in

199 3102 385 3181 obloquendo
418 3102 544 3183 celereS,
574 3103 605 3162 in
620 3127 624 3136 ·
638 3103 812 3163 tractatibus
841 3104 929 3162 otiosi
957 3103 988 3162 in
1016 3100 1213 3163 seditionibus

199 3193 345 3272 occupati,
368 3192 399 3251 in
422 3193 545 3252 caritate
568 3187 680 3252 inlirmi
703 3194 734 3252 in
757 3192 884 3252 factione
908 3190 1033 3271 robusti,
1056 3192 1087 3251 in
1111 3209 1212 3252 aemu-
1318 3195 1319 3198 ’

272 3419 289 3467 4
307 3414 507 3470 exacerbescat
524 3415 625 3484 LNO,
645 3415 841 3470 exacerbescat
859 3417 918 3484 (eat
935 3392 967 3470 io
984 3431 1039 3470 rae.
1057 3416 1090 3468 M
1096 3415 1161 3484 ι)Μ
1163 3416 1189 3470 Τ
1204 3416 1215 3487 ll

201 3490 217 3538 9
236 3484 350 3538 inflatus
370 3484 427 3553 (vel
445 3486 497 3539 dus
516 3487 580 3541 add,
595 3503 616 3540 s.
635 3487 651 3540 l.
668 3486 801 3555 M¹)M0,
818 3485 958 3540 inflandus
977 3485 1042 3540 LN
1045 3487 1071 3540 Τ
1090 3489 1100 3556 ss
1125 3491 1157 3540 18
1178 3487 1215 3542 ob

202 3555 398 3609 austeritatem
417 3556 517 3623 LNY,
537 3555 572 3609 ab
592 3557 758 3611 austeritate
778 3557 815 3612 M
819 3557 843 3613 0
853 3561 862 3627 ll
