<?xml version="1.0" encoding="UTF-8"?>
<!DOCTYPE html PUBLIC "-//W3C//DTD XHTML 1.0 Transitional//EN"
    "http://www.w3.org/TR/xhtml1/DTD/xhtml1-transitional.dtd">
<html xmlns="http://www.w3.org/1999/xhtml" xml:lang="en" lang="en">
 <head>
  <title>
</title>
<meta http-equiv="Content-Type" content="text/html;charset=utf-8" />
  <meta name='ocr-system' content='tesseract 3.04.00' />
  <meta name='ocr-capabilities' content='ocr_page ocr_carea ocr_par ocr_line ocrx_word'/>
</head>
<body>
  <div class='ocr_page' id='page_1' title='image "./csolliusapollin01apolgoog_0290.png"; bbox 0 0 2610 4056; ppageno 0'>
   <div class='ocr_carea' id='block_1_1' title="bbox 314 206 941 265">
    <p class='ocr_par' dir='ltr' id='par_1_1' title="bbox 314 206 941 265">
     <span class='ocr_line' id='line_1_1' title="bbox 314 206 941 265; baseline 0.008 -5"><span class='ocrx_word' id='word_1_1' title='bbox 314 207 482 263; x_wconf 82' lang='lat' dir='ltr'>SIDONIUS</span> <span class='ocrx_word' id='word_1_2' title='bbox 501 206 655 264; x_wconf 79' lang='lat' dir='ltr'><strong>GELASIO</strong></span> <span class='ocrx_word' id='word_1_3' title='bbox 675 207 743 264; x_wconf 82' lang='lat' dir='ltr'>SUO</span> <span class='ocrx_word' id='word_1_4' title='bbox 764 208 941 265; x_wconf 81' lang='lat' dir='ltr'><strong>SALUTEM.</strong></span> 
     </span>
    </p>
   </div>
   <div class='ocr_carea' id='block_1_2' title="bbox 178 355 920 1504">
    <p class='ocr_par' dir='ltr' id='par_1_2' title="bbox 178 355 920 1504">
     <span class='ocr_line' id='line_1_2' title="bbox 255 355 762 440; baseline 0.002 -23"><span class='ocrx_word' id='word_1_5' title='bbox 255 355 432 418; x_wconf 90' lang='lat' dir='ltr'><strong>Severianus</strong></span> <span class='ocrx_word' id='word_1_6' title='bbox 455 359 512 418; x_wconf 91' lang='lat' dir='ltr'><strong>ista</strong></span> <span class='ocrx_word' id='word_1_7' title='bbox 535 357 637 418; x_wconf 83' lang='lat' dir='ltr'><strong>rhetor</strong></span> <span class='ocrx_word' id='word_1_8' title='bbox 660 357 762 440; x_wconf 82' lang='lat' dir='ltr'><strong>altius,</strong></span> 
     </span>
     <span class='ocr_line' id='line_1_3' title="bbox 255 445 833 529; baseline 0.005 -24"><span class='ocrx_word' id='word_1_9' title='bbox 255 445 325 506; x_wconf 83' lang='lat' dir='ltr'><strong>Aser</strong></span> <span class='ocrx_word' id='word_1_10' title='bbox 348 445 486 524; x_wconf 84' lang='lat' dir='ltr'>vaferque</span> <span class='ocrx_word' id='word_1_11' title='bbox 510 445 673 507; x_wconf 85' lang='lat' dir='ltr'><strong>Domnulus</strong></span> <span class='ocrx_word' id='word_1_12' title='bbox 696 447 833 529; x_wconf 85' lang='lat' dir='ltr'><strong>politius,</strong></span> 
     </span>
     <span class='ocr_line' id='line_1_4' title="bbox 255 533 832 613; baseline 0.003 -19"><span class='ocrx_word' id='word_1_13' title='bbox 255 533 507 613; x_wconf 76' lang='lat' dir='ltr'><strong>scholasticusque</strong></span> <span class='ocrx_word' id='word_1_14' title='bbox 531 535 586 596; x_wconf 89' lang='lat' dir='ltr'>sub</span> <span class='ocrx_word' id='word_1_15' title='bbox 611 535 832 596; x_wconf 85' lang='lat' dir='ltr'><strong>rotundioribus</strong></span> 
     </span>
     <span class='ocr_line' id='line_1_5' title="bbox 197 623 845 705; baseline 0 -21"><span class='ocrx_word' id='word_1_16' title='bbox 197 636 231 684; x_wconf 87' lang='grc' dir='ltr'>4ο</span> <span class='ocrx_word' id='word_1_17' title='bbox 254 623 361 683; x_wconf 85' lang='grc' dir='ltr'>Ρ55555</span> <span class='ocrx_word' id='word_1_18' title='bbox 385 623 522 684; x_wconf 85' lang='lat' dir='ltr'><strong>Camenis</strong></span> <span class='ocrx_word' id='word_1_19' title='bbox 546 624 710 685; x_wconf 82' lang='lat' dir='ltr'><strong>dictitasset</strong></span> <span class='ocrx_word' id='word_1_20' title='bbox 733 627 845 705; x_wconf 77' lang='lat' dir='ltr'><strong>acrius,</strong></span> 
     </span>
     <span class='ocr_line' id='line_1_6' title="bbox 257 711 853 792; baseline 0.003 -20"><span class='ocrx_word' id='word_1_21' title='bbox 257 711 428 791; x_wconf 88' lang='lat' dir='ltr'><strong>epistularis</strong></span> <span class='ocrx_word' id='word_1_22' title='bbox 451 731 664 792; x_wconf 85' lang='lat' dir='ltr'><strong>usquequaque</strong></span> <span class='ocrx_word' id='word_1_23' title='bbox 688 732 743 774; x_wconf 89' lang='lat' dir='ltr'>nec</span> <span class='ocrx_word' id='word_1_24' title='bbox 767 713 853 774; x_wconf 90' lang='lat' dir='ltr'><strong>stilus</strong></span> 
     </span>
     <span class='ocr_line' id='line_1_7' title="bbox 254 802 898 883; baseline 0.005 -23"><span class='ocrx_word' id='word_1_25' title='bbox 254 803 350 861; x_wconf 86' lang='lat' dir='ltr'><strong>virum</strong></span> <span class='ocrx_word' id='word_1_26' title='bbox 373 808 499 883; x_wconf 83' lang='lat' dir='ltr'><strong>vetaret,</strong></span> <span class='ocrx_word' id='word_1_27' title='bbox 524 808 557 862; x_wconf 92' lang='lat' dir='ltr'><strong>ut</strong></span> <span class='ocrx_word' id='word_1_28' title='bbox 580 802 725 881; x_wconf 92' lang='lat' dir='ltr'><strong>stupenda</strong></span> <span class='ocrx_word' id='word_1_29' title='bbox 748 809 898 881; x_wconf 82' lang='lat' dir='ltr'><strong>pangeret.</strong></span> 
     </span>
     <span class='ocr_line' id='line_1_8' title="bbox 178 891 795 970; baseline 0.008 -25"><span class='ocrx_word' id='word_1_30' title='bbox 178 939 180 944; x_wconf 92' lang='lat'>.</span> <span class='ocrx_word' id='word_1_31' title='bbox 256 891 403 968; x_wconf 89' lang='lat' dir='ltr'><strong>potuisset</strong></span> <span class='ocrx_word' id='word_1_32' title='bbox 426 892 483 950; x_wconf 91' lang='lat' dir='ltr'><strong>ista</strong></span> <span class='ocrx_word' id='word_1_33' title='bbox 506 908 624 970; x_wconf 91' lang='lat' dir='ltr'><strong>semper</strong></span> <span class='ocrx_word' id='word_1_34' title='bbox 646 891 795 952; x_wconf 83' lang='lat' dir='ltr'><strong>efficacius</strong></span> 
     </span>
     <span class='ocr_line' id='line_1_9' title="bbox 254 979 920 1058; baseline 0.003 -20"><span class='ocrx_word' id='word_1_35' title='bbox 254 979 344 1038; x_wconf 91' lang='lat' dir='ltr'><strong>humo</strong></span> <span class='ocrx_word' id='word_1_36' title='bbox 368 985 455 1055; x_wconf 90' lang='lat' dir='ltr'><strong>atque</strong></span> <span class='ocrx_word' id='word_1_37' title='bbox 479 986 566 1058; x_wconf 86' lang='lat' dir='ltr'><strong>gente</strong></span> <span class='ocrx_word' id='word_1_38' title='bbox 590 986 689 1040; x_wconf 90' lang='lat' dir='ltr'><strong>cretus</strong></span> <span class='ocrx_word' id='word_1_39' title='bbox 712 982 743 1039; x_wconf 92' lang='lat' dir='ltr'><strong>in</strong></span> <span class='ocrx_word' id='word_1_40' title='bbox 767 979 920 1058; x_wconf 83' lang='lat' dir='ltr'><strong>Ligustide</strong></span> 
     </span>
     <span class='ocr_line' id='line_1_10' title="bbox 196 1067 862 1148; baseline 0 -20"><span class='ocrx_word' id='word_1_41' title='bbox 196 1080 230 1128; x_wconf 83' lang='lat'>45</span> <span class='ocrx_word' id='word_1_42' title='bbox 253 1067 397 1128; x_wconf 88' lang='lat' dir='ltr'><strong>Proculus</strong></span> <span class='ocrx_word' id='word_1_43' title='bbox 420 1067 544 1128; x_wconf 91' lang='lat' dir='ltr'><strong>melodis</strong></span> <span class='ocrx_word' id='word_1_44' title='bbox 567 1070 704 1130; x_wconf 85' lang='lat' dir='ltr'><strong>insonare</strong></span> <span class='ocrx_word' id='word_1_45' title='bbox 728 1067 862 1148; x_wconf 90' lang='lat' dir='ltr'><strong>pulsibus</strong></span> 
     </span>
     <span class='ocr_line' id='line_1_11' title="bbox 255 1156 876 1239; baseline 0.003 -23"><span class='ocrx_word' id='word_1_46' title='bbox 255 1156 361 1217; x_wconf 91' lang='lat' dir='ltr'><strong>limans</strong></span> <span class='ocrx_word' id='word_1_47' title='bbox 384 1157 477 1216; x_wconf 84' lang='lat' dir='ltr'><strong>faceta</strong></span> <span class='ocrx_word' id='word_1_48' title='bbox 502 1175 635 1236; x_wconf 90' lang='lat' dir='ltr'><strong>quaeque</strong></span> <span class='ocrx_word' id='word_1_49' title='bbox 660 1160 703 1219; x_wconf 90' lang='lat' dir='ltr'><strong>sic</strong></span> <span class='ocrx_word' id='word_1_50' title='bbox 726 1165 876 1239; x_wconf 81' lang='lat' dir='ltr'><strong>poemata,</strong></span> 
     </span>
     <span class='ocr_line' id='line_1_12' title="bbox 253 1244 893 1307; baseline 0.008 -5"><span class='ocrx_word' id='word_1_51' title='bbox 253 1244 396 1306; x_wconf 88' lang='lat' dir='ltr'><strong>Venetam</strong></span> <span class='ocrx_word' id='word_1_52' title='bbox 420 1245 545 1306; x_wconf 88' lang='lat' dir='ltr'><strong>lacessat</strong></span> <span class='ocrx_word' id='word_1_53' title='bbox 567 1253 601 1306; x_wconf 90' lang='lat' dir='ltr'><strong>ut</strong></span> <span class='ocrx_word' id='word_1_54' title='bbox 623 1246 721 1307; x_wconf 86' lang='lat' dir='ltr'><strong>lavore</strong></span> <span class='ocrx_word' id='word_1_55' title='bbox 744 1245 893 1307; x_wconf 89' lang='lat' dir='ltr'><strong>Mantuam</strong></span> 
     </span>
     <span class='ocr_line' id='line_1_13' title="bbox 253 1333 849 1416; baseline 0.003 -23"><span class='ocrx_word' id='word_1_56' title='bbox 253 1333 486 1412; x_wconf 90' lang='lat' dir='ltr'><strong>Homericaeque</strong></span> <span class='ocrx_word' id='word_1_57' title='bbox 510 1352 563 1413; x_wconf 91' lang='lat' dir='ltr'>par</span> <span class='ocrx_word' id='word_1_58' title='bbox 586 1337 702 1414; x_wconf 90' lang='lat' dir='ltr'><strong>etipse</strong></span> <span class='ocrx_word' id='word_1_59' title='bbox 726 1334 849 1416; x_wconf 83' lang='lat' dir='ltr'><strong>gloriae,</strong></span> 
     </span>
     <span class='ocr_line' id='line_1_14' title="bbox 253 1422 876 1504; baseline 0.003 -22"><span class='ocrx_word' id='word_1_60' title='bbox 253 1430 333 1483; x_wconf 88' lang='lat' dir='ltr'><strong>rotas</strong></span> <span class='ocrx_word' id='word_1_61' title='bbox 356 1422 485 1483; x_wconf 87' lang='lat' dir='ltr'><strong>Maronis</strong></span> <span class='ocrx_word' id='word_1_62' title='bbox 510 1429 572 1484; x_wconf 88' lang='lat' dir='ltr'><strong>arte</strong></span> <span class='ocrx_word' id='word_1_63' title='bbox 596 1431 712 1484; x_wconf 88' lang='lat' dir='ltr'><strong>sectans</strong></span> <span class='ocrx_word' id='word_1_64' title='bbox 736 1426 876 1504; x_wconf 91' lang='lat' dir='ltr'><strong>compari.</strong></span> 
     </span>
    </p>
   </div>
   <div class='ocr_carea' id='block_1_3' title="bbox 116 1581 923 2108">
    <p class='ocr_par' dir='ltr' id='par_1_3' title="bbox 116 1581 923 2108">
     <span class='ocr_line' id='line_1_15' title="bbox 116 1581 897 1663; baseline 0 -19"><span class='ocrx_word' id='word_1_65' title='bbox 116 1611 118 1616; x_wconf 51' lang='lat'><strong><em>¹</em></strong></span> <span class='ocrx_word' id='word_1_66' title='bbox 197 1595 231 1644; x_wconf 87' lang='grc' dir='ltr'>5ο</span> <span class='ocrx_word' id='word_1_67' title='bbox 298 1581 360 1662; x_wconf 87' lang='lat' dir='ltr'>Ego</span> <span class='ocrx_word' id='word_1_68' title='bbox 380 1583 469 1643; x_wconf 92' lang='lat' dir='ltr'><strong>corde</strong></span> <span class='ocrx_word' id='word_1_69' title='bbox 493 1589 523 1643; x_wconf 91' lang='lat' dir='ltr'><strong>et</strong></span> <span class='ocrx_word' id='word_1_70' title='bbox 546 1602 597 1644; x_wconf 92' lang='lat' dir='ltr'>ore</span> <span class='ocrx_word' id='word_1_71' title='bbox 621 1586 685 1644; x_wconf 92' lang='lat' dir='ltr'><strong>iure</strong></span> <span class='ocrx_word' id='word_1_72' title='bbox 709 1583 897 1663; x_wconf 88' lang='lat' dir='ltr'><strong>despicabilis</strong></span> 
     </span>
     <span class='ocr_line' id='line_1_16' title="bbox 254 1672 905 1754; baseline 0 -22"><span class='ocrx_word' id='word_1_73' title='bbox 254 1672 325 1751; x_wconf 82' lang='lat' dir='ltr'><strong>quid</strong></span> <span class='ocrx_word' id='word_1_74' title='bbox 348 1674 427 1731; x_wconf 89' lang='lat' dir='ltr'><strong>inter</strong></span> <span class='ocrx_word' id='word_1_75' title='bbox 449 1672 539 1732; x_wconf 89' lang='lat' dir='ltr'><strong>hosce</strong></span> <span class='ocrx_word' id='word_1_76' title='bbox 563 1680 593 1732; x_wconf 91' lang='lat' dir='ltr'><strong>te</strong></span> <span class='ocrx_word' id='word_1_77' title='bbox 616 1680 738 1752; x_wconf 87' lang='lat' dir='ltr'><strong>rogante</strong></span> <span class='ocrx_word' id='word_1_78' title='bbox 762 1675 905 1754; x_wconf 82' lang='lat' dir='ltr'><strong>garriam,</strong></span> 
     </span>
     <span class='ocr_line' id='line_1_17' title="bbox 252 1760 826 1841; baseline 0.003 -21"><span class='ocrx_word' id='word_1_79' title='bbox 252 1760 437 1839; x_wconf 89' lang='lat' dir='ltr'><strong>loquacitatis</strong></span> <span class='ocrx_word' id='word_1_80' title='bbox 461 1761 674 1840; x_wconf 90' lang='lat' dir='ltr'><strong>impudentiam</strong></span> <span class='ocrx_word' id='word_1_81' title='bbox 697 1760 826 1841; x_wconf 91' lang='lat' dir='ltr'><strong>probans</strong></span> 
     </span>
     <span class='ocr_line' id='line_1_18' title="bbox 255 1848 812 1928; baseline 0.005 -20"><span class='ocrx_word' id='word_1_82' title='bbox 255 1851 405 1928; x_wconf 90' lang='lat' dir='ltr'><strong>animique</strong></span> <span class='ocrx_word' id='word_1_83' title='bbox 429 1856 496 1908; x_wconf 87' lang='lat' dir='ltr'><strong>vota</strong></span> <span class='ocrx_word' id='word_1_84' title='bbox 519 1849 660 1911; x_wconf 90' lang='lat' dir='ltr'><strong>destituta</strong></span> <span class='ocrx_word' id='word_1_85' title='bbox 683 1848 812 1911; x_wconf 76' lang='lat' dir='ltr'><strong>litteris?</strong></span> 
     </span>
     <span class='ocr_line' id='line_1_19' title="bbox 254 1937 923 2019; baseline 0.004 -22"><span class='ocrx_word' id='word_1_86' title='bbox 254 1937 306 1998; x_wconf 88' lang='lat' dir='ltr'>sed</span> <span class='ocrx_word' id='word_1_87' title='bbox 330 1937 402 2016; x_wconf 89' lang='lat' dir='ltr'><strong>qnid</strong></span> <span class='ocrx_word' id='word_1_88' title='bbox 424 1937 537 2017; x_wconf 89' lang='lat' dir='ltr'><strong>negabo</strong></span> <span class='ocrx_word' id='word_1_89' title='bbox 561 1958 617 2001; x_wconf 91' lang='lat' dir='ltr'>nec</span> <span class='ocrx_word' id='word_1_90' title='bbox 639 1940 752 2019; x_wconf 88' lang='lat' dir='ltr'><strong>pudore</strong></span> <span class='ocrx_word' id='word_1_91' title='bbox 775 1937 923 2000; x_wconf 75' lang='lat' dir='ltr'><strong>territus?</strong></span> 
     </span>
     <span class='ocr_line' id='line_1_20' title="bbox 166 2029 806 2108; baseline 0.003 -21"><span class='ocrx_word' id='word_1_92' title='bbox 166 2091 169 2096; x_wconf 73' lang='grc'>,</span> <span class='ocrx_word' id='word_1_93' title='bbox 196 2039 229 2088; x_wconf 87' lang='grc'>55</span> <span class='ocrx_word' id='word_1_94' title='bbox 254 2044 336 2086; x_wconf 87' lang='lat' dir='ltr'><strong>amor</strong></span> <span class='ocrx_word' id='word_1_95' title='bbox 359 2029 464 2087; x_wconf 92' lang='lat' dir='ltr'><strong>timere</strong></span> <span class='ocrx_word' id='word_1_96' title='bbox 488 2031 597 2089; x_wconf 91' lang='lat' dir='ltr'><strong>nescit:</strong></span> <span class='ocrx_word' id='word_1_97' title='bbox 620 2029 689 2089; x_wconf 93' lang='lat' dir='ltr'><strong>inde</strong></span> <span class='ocrx_word' id='word_1_98' title='bbox 713 2031 806 2108; x_wconf 88' lang='lat' dir='ltr'><strong>parui.</strong></span> 
     </span>
    </p>
   </div>
   <div class='ocr_carea' id='block_1_4' title="bbox 121 2201 1158 2639">
    <p class='ocr_par' dir='ltr' id='par_1_4' title="bbox 121 2201 1158 2639">
     <span class='ocr_line' id='line_1_21' title="bbox 186 2201 1132 2287; baseline 0.004 -21"><span class='ocrx_word' id='word_1_99' title='bbox 186 2201 215 2266; x_wconf 83' lang='lat'>2.</span> <span class='ocrx_word' id='word_1_100' title='bbox 240 2206 360 2283; x_wconf 92' lang='lat' dir='ltr'><strong>ignosce</strong></span> <span class='ocrx_word' id='word_1_101' title='bbox 381 2205 502 2266; x_wconf 91' lang='lat' dir='ltr'><strong>desueta</strong></span> <span class='ocrx_word' id='word_1_102' title='bbox 521 2208 668 2285; x_wconf 91' lang='lat' dir='ltr'><strong>repetenti</strong></span> <span class='ocrx_word' id='word_1_103' title='bbox 687 2214 774 2287; x_wconf 87' lang='lat' dir='ltr'><strong>atque</strong></span> <span class='ocrx_word' id='word_1_104' title='bbox 790 2206 827 2266; x_wconf 89' lang='lat' dir='ltr'>ob</span> <span class='ocrx_word' id='word_1_105' title='bbox 846 2207 968 2286; x_wconf 89' lang='lat' dir='ltr'><strong>impleta</strong></span> <span class='ocrx_word' id='word_1_106' title='bbox 982 2227 1056 2287; x_wconf 89' lang='lat' dir='ltr'><strong>quae</strong></span> <span class='ocrx_word' id='word_1_107' title='bbox 1071 2211 1132 2270; x_wconf 93' lang='lat' dir='ltr'><strong>ius-</strong></span> 
     </span>
     <span class='ocr_line' id='line_1_22' title="bbox 121 2293 1131 2376; baseline 0.006 -24"><span class='ocrx_word' id='word_1_108' title='bbox 121 2311 201 2353; x_wconf 86' lang='lat' dir='ltr'><strong>seras</strong></span> <span class='ocrx_word' id='word_1_109' title='bbox 225 2293 299 2353; x_wconf 92' lang='lat' dir='ltr'><strong>nihil</strong></span> <span class='ocrx_word' id='word_1_110' title='bbox 322 2293 449 2372; x_wconf 88' lang='lat' dir='ltr'><strong>amplius</strong></span> <span class='ocrx_word' id='word_1_111' title='bbox 473 2313 561 2373; x_wconf 91' lang='lat' dir='ltr'><strong>quam</strong></span> <span class='ocrx_word' id='word_1_112' title='bbox 584 2297 714 2356; x_wconf 91' lang='lat' dir='ltr'><strong>raritatis</strong></span> <span class='ocrx_word' id='word_1_113' title='bbox 737 2295 952 2376; x_wconf 87' lang='lat' dir='ltr'><strong>indulgentiam</strong></span> <span class='ocrx_word' id='word_1_114' title='bbox 970 2298 1131 2376; x_wconf 91' lang='lat' dir='ltr'><strong>praestola-</strong></span> 
     </span>
     <span class='ocr_line' id='line_1_23' title="bbox 121 2383 1131 2468; baseline 0.006 -26"><span class='ocrx_word' id='word_1_115' title='bbox 121 2388 195 2443; x_wconf 89' lang='lat' dir='ltr'><strong>turo.</strong></span> <span class='ocrx_word' id='word_1_116' title='bbox 241 2390 374 2443; x_wconf 87' lang='lat' dir='ltr'><strong>ceterum</strong></span> <span class='ocrx_word' id='word_1_117' title='bbox 398 2383 485 2463; x_wconf 82' lang='lat' dir='ltr'><strong>mihi,</strong></span> <span class='ocrx_word' id='word_1_118' title='bbox 510 2385 535 2443; x_wconf 90' lang='lat' dir='ltr'><strong>si</strong></span> <span class='ocrx_word' id='word_1_119' title='bbox 559 2383 665 2444; x_wconf 92' lang='lat' dir='ltr'><strong>similia</strong></span> <span class='ocrx_word' id='word_1_120' title='bbox 689 2391 757 2463; x_wconf 90' lang='lat' dir='ltr'><strong>post</strong></span> <span class='ocrx_word' id='word_1_121' title='bbox 780 2387 919 2468; x_wconf 81' lang='lat' dir='ltr'><strong>iusseris,</strong></span> <span class='ocrx_word' id='word_1_122' title='bbox 943 2405 1000 2465; x_wconf 92' lang='lat' dir='ltr'>quo</span> <span class='ocrx_word' id='word_1_123' title='bbox 1025 2405 1131 2466; x_wconf 91' lang='lat' dir='ltr'><strong>queam</strong></span> 
     </span>
     <span class='ocr_line' id='line_1_24' title="bbox 121 2470 1132 2553; baseline 0.006 -23"><span class='ocrx_word' id='word_1_124' title='bbox 121 2471 185 2531; x_wconf 88' lang='lat' dir='ltr'><strong>fieri</strong></span> <span class='ocrx_word' id='word_1_125' title='bbox 208 2474 301 2550; x_wconf 88' lang='lat' dir='ltr'><strong>magis</strong></span> <span class='ocrx_word' id='word_1_126' title='bbox 326 2470 507 2553; x_wconf 80' lang='lat' dir='ltr'><strong>obsequem,</strong></span> <span class='ocrx_word' id='word_1_127' title='bbox 531 2473 574 2532; x_wconf 87' lang='lat' dir='ltr'><strong>sic</strong></span> <span class='ocrx_word' id='word_1_128' title='bbox 598 2471 716 2532; x_wconf 88' lang='lat' dir='ltr'><strong>curabis</strong></span> <span class='ocrx_word' id='word_1_129' title='bbox 740 2471 776 2532; x_wconf 91' lang='lat' dir='ltr'>ad</span> <span class='ocrx_word' id='word_1_130' title='bbox 799 2477 894 2535; x_wconf 88' lang='lat' dir='ltr'><strong>vicem</strong></span> <span class='ocrx_word' id='word_1_131' title='bbox 918 2477 1058 2536; x_wconf 89' lang='lat' dir='ltr'><strong>carminis</strong></span> <span class='ocrx_word' id='word_1_132' title='bbox 1081 2484 1132 2536; x_wconf 91' lang='lat' dir='ltr'><strong>aut</strong></span> 
     </span>
     <span class='ocr_line' id='line_1_25' title="bbox 123 2559 1158 2639; baseline -0.001 -20"><span class='ocrx_word' id='word_1_133' title='bbox 123 2559 231 2620; x_wconf 93' lang='lat' dir='ltr'><strong>dictare</strong></span> <span class='ocrx_word' id='word_1_134' title='bbox 257 2579 331 2639; x_wconf 88' lang='lat' dir='ltr'><strong>quae</strong></span> <span class='ocrx_word' id='word_1_135' title='bbox 356 2570 472 2621; x_wconf 91' lang='lat' dir='ltr'><strong>cantem</strong></span> <span class='ocrx_word' id='word_1_136' title='bbox 496 2569 546 2621; x_wconf 92' lang='lat' dir='ltr'><strong>aut</strong></span> <span class='ocrx_word' id='word_1_137' title='bbox 570 2560 676 2621; x_wconf 89' lang='lat' dir='ltr'><strong>saltare</strong></span> <span class='ocrx_word' id='word_1_138' title='bbox 701 2579 775 2639; x_wconf 91' lang='lat' dir='ltr'><strong>quae</strong></span> <span class='ocrx_word' id='word_1_139' title='bbox 798 2563 919 2623; x_wconf 91' lang='lat' dir='ltr'><strong>rideam.</strong></span> <span class='ocrx_word' id='word_1_140' title='bbox 956 2563 1028 2624; x_wconf 88' lang='lat' dir='ltr'><strong>vale.</strong></span> <span class='ocrx_word' id='word_1_141' title='bbox 1146 2578 1158 2618; x_wconf 84' lang='grc'>5</span> 
     </span>
    </p>
   </div>
   <div class='ocr_carea' id='block_1_5' title="bbox 121 2785 1132 3356">
    <p class='ocr_par' dir='ltr' id='par_1_5' title="bbox 121 2785 1132 3356">
     <span class='ocr_line' id='line_1_26' title="bbox 189 2785 1132 2857; baseline 0.006 -20"><span class='ocrx_word' id='word_1_142' title='bbox 189 2801 215 2837; x_wconf 86' lang='lat' dir='ltr'>v.</span> <span class='ocrx_word' id='word_1_143' title='bbox 230 2788 264 2838; x_wconf 85' lang='grc'>46</span> <span class='ocrx_word' id='word_1_144' title='bbox 284 2799 412 2852; x_wconf 82' lang='lat' dir='ltr'><strong>quaeque</strong></span> <span class='ocrx_word' id='word_1_145' title='bbox 427 2802 476 2841; x_wconf 87' lang='lat' dir='ltr'>om</span> <span class='ocrx_word' id='word_1_146' title='bbox 493 2785 575 2854; x_wconf 78' lang='grc'>0115</span> <span class='ocrx_word' id='word_1_147' title='bbox 589 2791 623 2838; x_wconf 83' lang='lat'>49</span> <span class='ocrx_word' id='word_1_148' title='bbox 643 2787 703 2838; x_wconf 88' lang='grc'>5555</span> <span class='ocrx_word' id='word_1_149' title='bbox 718 2787 829 2839; x_wconf 88' lang='grc'>555555</span> <span class='ocrx_word' id='word_1_150' title='bbox 844 2786 993 2842; x_wconf 64' lang='lat' dir='ltr'><strong>Pretio</strong></span> <span class='ocrx_word' id='word_1_151' title='bbox 1006 2805 1060 2843; x_wconf 81' lang='grc'>555</span> <span class='ocrx_word' id='word_1_152' title='bbox 1075 2789 1132 2857; x_wconf 82' lang='lat' dir='ltr'>M1,</span> 
     </span>
     <span class='ocr_line' id='line_1_27' title="bbox 122 2855 1131 2929; baseline 0.005 -22"><span class='ocrx_word' id='word_1_153' title='bbox 122 2855 245 2908; x_wconf 84' lang='lat' dir='ltr'><strong>ariexate</strong></span> <span class='ocrx_word' id='word_1_154' title='bbox 257 2855 285 2923; x_wconf 99' lang='grc'>0</span> <span class='ocrx_word' id='word_1_155' title='bbox 300 2856 375 2909; x_wconf 81' lang='grc'>55555</span> <span class='ocrx_word' id='word_1_156' title='bbox 389 2871 440 2909; x_wconf 84' lang='lat' dir='ltr'>axe</span> <span class='ocrx_word' id='word_1_157' title='bbox 455 2858 495 2912; x_wconf 84' lang='lat' dir='ltr'>ed</span> <span class='ocrx_word' id='word_1_158' title='bbox 506 2857 717 2922; x_wconf 54' lang='lat' dir='ltr'><strong>mementoque</strong></span> <span class='ocrx_word' id='word_1_159' title='bbox 736 2873 775 2911; x_wconf 86' lang='grc'>555</span> <span class='ocrx_word' id='word_1_160' title='bbox 789 2859 864 2910; x_wconf 87' lang='grc'>55555</span> <span class='ocrx_word' id='word_1_161' title='bbox 877 2859 955 2912; x_wconf 82' lang='lat' dir='ltr'><strong>arie?</strong></span> <span class='ocrx_word' id='word_1_162' title='bbox 969 2861 978 2926; x_wconf 79' lang='lat' dir='ltr'>{l</span> <span class='ocrx_word' id='word_1_163' title='bbox 990 2877 1016 2913; x_wconf 82' lang='lat' dir='ltr'><strong>v</strong></span> <span class='ocrx_word' id='word_1_164' title='bbox 1031 2864 1065 2912; x_wconf 81' lang='lat'>52</span> <span class='ocrx_word' id='word_1_165' title='bbox 1080 2875 1131 2929; x_wconf 80' lang='lat' dir='ltr'>ap-</span> 
     </span>
     <span class='ocr_line' id='line_1_28' title="bbox 122 2878 1132 2997; baseline 0.008 -20"><span class='ocrx_word' id='word_1_166' title='bbox 122 2925 240 2994; x_wconf 83' lang='lat' dir='ltr'><strong>probans</strong></span> <span class='ocrx_word' id='word_1_167' title='bbox 259 2898 315 2980; x_wconf 70' lang='lat' dir='ltr'><strong>Ileo</strong></span> <span class='ocrx_word' id='word_1_168' title='bbox 329 2927 338 2994; x_wconf 84' lang='grc' dir='ltr'>ΙΙ</span> <span class='ocrx_word' id='word_1_169' title='bbox 351 2944 377 2980; x_wconf 82' lang='lat' dir='ltr'>v.</span> <span class='ocrx_word' id='word_1_170' title='bbox 394 2930 427 2978; x_wconf 84' lang='grc'>53</span> <span class='ocrx_word' id='word_1_171' title='bbox 446 2926 566 2982; x_wconf 82' lang='grc'>55555555</span> <span class='ocrx_word' id='word_1_172' title='bbox 568 2944 585 2981; x_wconf 87' lang='grc'>5</span> <span class='ocrx_word' id='word_1_173' title='bbox 599 2898 744 2994; x_wconf 67' lang='lat' dir='ltr'><strong>Simonidi„</strong></span> <span class='ocrx_word' id='word_1_174' title='bbox 763 2927 926 2982; x_wconf 83' lang='grc'>(5555555555</span> <span class='ocrx_word' id='word_1_175' title='bbox 942 2929 1004 2997; x_wconf 79' lang='lat' dir='ltr'>OF,</span> <span class='ocrx_word' id='word_1_176' title='bbox 1024 2878 1132 2985; x_wconf 82' lang='grc'>5555555</span> 
     </span>
     <span class='ocr_line' id='line_1_29' title="bbox 122 2995 1129 3084; baseline 0.008 -35.146"><span class='ocrx_word' id='word_1_177' title='bbox 122 2995 383 3078; x_wconf 79' lang='grc' dir='ltr'>555Ρ,555555(5.</span> <span class='ocrx_word' id='word_1_178' title='bbox 403 2998 513 3053; x_wconf 83' lang='grc'>555555</span> <span class='ocrx_word' id='word_1_179' title='bbox 533 2998 1129 3084; x_wconf 52' lang='grc'>55155555511355555555555505</span> 
     </span>
     <span class='ocr_line' id='line_1_30' title="bbox 121 3065 1132 3152; baseline 0.008 -33"><span class='ocrx_word' id='word_1_180' title='bbox 121 3065 273 3121; x_wconf 83' lang='grc'>5555555555</span> <span class='ocrx_word' id='word_1_181' title='bbox 297 3068 464 3124; x_wconf 80' lang='lat' dir='ltr'><strong>Wilamowit</strong></span> <span class='ocrx_word' id='word_1_182' title='bbox 452 3075 479 3124; x_wconf 81' lang='grc'>55</span> <span class='ocrx_word' id='word_1_183' title='bbox 491 3070 532 3139; x_wconf 78' lang='grc'>114</span> <span class='ocrx_word' id='word_1_184' title='bbox 550 3073 641 3138; x_wconf 82' lang='lat' dir='ltr'><strong>magis</strong></span> <span class='ocrx_word' id='word_1_185' title='bbox 659 3069 720 3124; x_wconf 87' lang='lat' dir='ltr'><strong>fieri</strong></span> <span class='ocrx_word' id='word_1_186' title='bbox 740 3069 854 3139; x_wconf 70' lang='lat' dir='ltr'>OF}</span> <span class='ocrx_word' id='word_1_187' title='bbox 832 3087 873 3152; x_wconf 73' lang='grc'>555</span> <span class='ocrx_word' id='word_1_188' title='bbox 892 3071 1003 3125; x_wconf 81' lang='lat' dir='ltr'><strong>curabis</strong></span> <span class='ocrx_word' id='word_1_189' title='bbox 1019 3072 1087 3142; x_wconf 85' lang='lat' dir='ltr'>PF,</span> <span class='ocrx_word' id='word_1_190' title='bbox 1107 3091 1132 3127; x_wconf 87' lang='grc'>55</span> 
     </span>
     <span class='ocr_line' id='line_1_31' title="bbox 123 3137 1130 3215; baseline 0.008 -25"><span class='ocrx_word' id='word_1_191' title='bbox 123 3137 320 3194; x_wconf 82' lang='grc'>5555555055</span> <span class='ocrx_word' id='word_1_192' title='bbox 294 3143 423 3208; x_wconf 68' lang='grc'>5.(5555</span> <span class='ocrx_word' id='word_1_193' title='bbox 443 3141 474 3194; x_wconf 84' lang='grc'>555</span> <span class='ocrx_word' id='word_1_194' title='bbox 497 3141 537 3194; x_wconf 88' lang='grc'>555</span> <span class='ocrx_word' id='word_1_195' title='bbox 561 3139 671 3194; x_wconf 84' lang='lat' dir='ltr'><strong>curabis</strong></span> <span class='ocrx_word' id='word_1_196' title='bbox 690 3141 808 3210; x_wconf 80' lang='lat' dir='ltr'><em>M¹)M3</em></span> <span class='ocrx_word' id='word_1_197' title='bbox 838 3141 875 3196; x_wconf 90' lang='grc'>555</span> <span class='ocrx_word' id='word_1_198' title='bbox 898 3143 1009 3197; x_wconf 80' lang='lat' dir='ltr'><strong>curabis</strong></span> <span class='ocrx_word' id='word_1_199' title='bbox 1028 3143 1130 3215; x_wconf 76' lang='lat' dir='ltr'><strong>Eupol-</strong></span> 
     </span>
     <span class='ocr_line' id='line_1_32' title="bbox 123 3209 1132 3289; baseline 0.006 -25"><span class='ocrx_word' id='word_1_200' title='bbox 123 3209 221 3289; x_wconf 74' lang='lat' dir='ltr'><strong>brechi,</strong></span> <span class='ocrx_word' id='word_1_201' title='bbox 244 3209 353 3265; x_wconf 86' lang='lat' dir='ltr'><strong>scilieet</strong></span> <span class='ocrx_word' id='word_1_202' title='bbox 375 3209 487 3266; x_wconf 83' lang='lat' dir='ltr'><strong>curabis</strong></span> <span class='ocrx_word' id='word_1_203' title='bbox 506 3212 578 3267; x_wconf 77' lang='grc'>15555</span> <span class='ocrx_word' id='word_1_204' title='bbox 576 3213 697 3281; x_wconf 72' lang='grc' dir='ltr'>5,ο5α55</span> <span class='ocrx_word' id='word_1_205' title='bbox 719 3211 780 3281; x_wconf 91' lang='lat' dir='ltr'><strong>ipse</strong></span> <span class='ocrx_word' id='word_1_206' title='bbox 805 3213 915 3268; x_wconf 85' lang='grc'>5555555</span> <span class='ocrx_word' id='word_1_207' title='bbox 940 3214 1132 3284; x_wconf 72' lang='lat' dir='ltr'><strong>Wilamoeoitr,</strong></span> 
     </span>
     <span class='ocr_line' id='line_1_33' title="bbox 122 3277 1033 3356; baseline 0.008 -22"><span class='ocrx_word' id='word_1_208' title='bbox 122 3277 145 3334; x_wconf 88' lang='grc'>55</span> <span class='ocrx_word' id='word_1_209' title='bbox 163 3280 281 3352; x_wconf 85' lang='grc'>5555555,</span> <span class='ocrx_word' id='word_1_210' title='bbox 301 3283 381 3337; x_wconf 79' lang='lat' dir='ltr'><strong>adv.</strong></span> <span class='ocrx_word' id='word_1_211' title='bbox 401 3300 424 3337; x_wconf 87' lang='lat' dir='ltr'>e.</span> <span class='ocrx_word' id='word_1_212' title='bbox 444 3285 493 3336; x_wconf 88' lang='grc'>555</span> <span class='ocrx_word' id='word_1_213' title='bbox 511 3282 634 3352; x_wconf 81' lang='lat' dir='ltr'><strong>dictaq</strong></span> <span class='ocrx_word' id='word_1_214' title='bbox 654 3301 676 3340; x_wconf 90' lang='lat' dir='ltr'>c.</span> <span class='ocrx_word' id='word_1_215' title='bbox 696 3286 747 3338; x_wconf 86' lang='grc'>555</span> <span class='ocrx_word' id='word_1_216' title='bbox 765 3285 839 3340; x_wconf 89' lang='grc'>55155</span> <span class='ocrx_word' id='word_1_217' title='bbox 858 3286 1010 3341; x_wconf 75' lang='lat' dir='ltr'><strong>Memnonen</strong></span> <span class='ocrx_word' id='word_1_218' title='bbox 1023 3287 1033 3356; x_wconf 82' lang='grc' dir='ltr'>ΙΙ</span> 
     </span>
    </p>
   </div>
   <div class='ocr_carea' id='block_1_6' title="bbox 0 0 1314 4056">
    <p class='ocr_par' dir='ltr' id='par_1_6' title="bbox 0 0 1314 4056">
     <span class='ocr_line' id='line_1_34' title="bbox 0 0 1314 4056; baseline 0 0"><span class='ocrx_word' id='word_1_219' title='bbox 0 0 1314 4056; x_wconf 95' lang='lat' dir='ltr'> </span> 
     </span>
    </p>
   </div>
  </div>
 </body>
</html>
