2660 4030
164 208 229 273 184
520 205 629 261 LIBER
647 204 820 262 OCTAVUS.

160 363 409 436 temperamento,
442 356 520 435 quod
552 373 612 416 non
646 355 743 416 solum
775 356 845 434 quid
877 354 987 416 habere
1021 356 1073 416 sed
1106 357 1180 435 quid

161 446 268 507 debeat
291 464 357 508 esse
377 445 553 505 consideret.
588 463 655 505 nam
676 447 702 505 si
721 446 828 505 ceteris
847 443 991 504 nobilium
1011 445 1180 506 studiorum

161 535 277 596 artibus
301 534 464 614 repudiatis
488 533 598 594 solato
616 533 821 612 propagandae
845 535 890 594 rei
908 532 1062 594 familiaris
1081 536 1180 595 urtica

162 623 312 705 sollicitat,
335 622 406 684 licet
419 631 452 684 tu
467 622 627 683 deductum
645 640 753 683 nomen
772 622 914 683 atrabeis
934 629 1021 700 atque
1041 622 1181 684 eboratas

133 713 282 776 acmules
310 719 341 773 et
369 713 544 791 gestatorias
573 710 734 772 bratteatas
758 718 788 772 et
810 711 902 774 fastos
925 710 1039 772 recolas
1062 731 1176 792 purpu-

161 805 295 882 rissatos,
318 803 345 861 is
368 801 500 880 prolecto
520 802 682 882 inveniere,
702 819 790 880 quern
809 799 915 860 debeat
934 802 977 860 sic
995 801 1180 862 industrium

161 891 240 970 quod
269 890 410 951 latentem
442 908 502 950 non
534 897 595 950 tam
623 889 770 950 bonorare
799 907 905 950 censor
929 907 1017 968 quam
1040 896 1183 951 censetor

161 998 295 1041 onerare.
328 977 399 1040 vale.

452 1215 454 1219 -
641 1169 696 1234 IX.

333 1290 502 1346 SIDONIUS
520 1290 721 1346 LAMPRIDIO
741 1290 810 1347 SUO
830 1289 1008 1346 SALUTEM.

121 1427 148 1467 ro
230 1403 257 1466 1.
283 1404 356 1466 Cum
379 1407 508 1484 primum
531 1404 719 1483 Burdigalam
741 1406 822 1484 veni,
844 1403 959 1466 litteras
982 1404 1057 1465 mihi
1080 1404 1176 1465 tabel-

161 1495 254 1555 larius
282 1501 352 1554 tuus
385 1493 492 1554 obtulit
526 1492 629 1573 plenas
657 1495 787 1554 nectaris
810 1493 917 1554 ilorum
940 1495 1181 1575 margaritarum,

161 1583 268 1664 quibus
293 1582 443 1644 silentium
465 1601 566 1643 meum
585 1581 686 1661 culpas
705 1589 735 1642 et
750 1581 864 1661 aliquos
883 1601 1023 1643 versuum
1041 1601 1178 1643 meorum

160 1671 297 1733 versibus
321 1674 434 1751 poscis,
466 1674 518 1751 qui
545 1671 601 1731 tibi
624 1669 721 1732 solent
743 1688 797 1749 per
820 1673 969 1731 musicum
991 1671 1082 1751 palati
1105 1691 1179 1732 con-

161 1780 265 1822 cavum
287 1762 450 1822 tinnientes
473 1779 544 1820 voce
567 1762 678 1820 variata
707 1760 792 1838 quasi
814 1760 896 1820 tibiis
921 1758 1179 1822 multiforatilibus

122 1871 147 1911 15
162 1850 281 1911 effundi.
320 1850 372 1910 sed
394 1850 452 1910 hoc
473 1857 506 1910 tu
530 1849 732 1910 munificentia
755 1850 836 1927 regia
867 1851 939 1909 satis
967 1849 1092 1910 abutens
1116 1841 1177 1910 iam

162 1958 285 2001 securus
308 1945 377 2018 post
399 1957 522 1999 munera
541 1938 623 2020 lacis,
642 1939 710 2017 quia
729 1938 852 1998 forsitan
872 1940 1026 1999 satiricum
1044 1937 1117 1999 illud
1141 1938 1181 1999 de

162 2031 281 2090 satirico
301 2047 360 2088 non
384 2027 564 2088 recordaris:
588 2033 687 2088 satur
711 2033 765 2086 est
789 2045 866 2086 cum
889 2027 979 2087 dicit
1001 2026 1179 2089 Horatius

162 2111 316 2178 ‘euhoe’
363 2114 392 2178 2.
434 2116 505 2195 quid
528 2112 651 2176 multis?
692 2116 798 2176 merito
830 2133 878 2175 me
911 2123 1029 2176 cantare
1053 2135 1089 2176 ex
1113 2118 1179 2176 otio

162 2205 261 2286 iubes,
294 2207 362 2284 quia
393 2213 421 2265 te
445 2207 504 2264 iam
528 2203 634 2265 saltare
667 2203 801 2265 delectat
847 2205 987 2284 quicquid
1015 2203 1088 2265 illud
1121 2213 1180 2286 est,

122 2315 149 2354 ao
162 2312 252 2374 pareo
275 2300 388 2373 tamen,
415 2292 505 2372 idque
538 2311 597 2353 non
625 2293 712 2354 modo
735 2312 795 2354 non
818 2301 937 2356 coactus
960 2310 1064 2354 verum
1088 2295 1179 2354 etiam

163 2381 338 2462 spontaliter
360 2382 452 2463 faci03
479 2390 593 2442 tantum
616 2390 649 2444 tu
673 2390 832 2461 utcumque
861 2382 1016 2443 moderere
1041 2381 1179 2443 Catonia-

162 2491 234 2533 num
267 2471 478 2552 superciliosae
511 2471 617 2531 frontis
649 2471 813 2533 arbitrium.
860 2472 939 2532 nosti
971 2473 1051 2532 enim
1083 2470 1180 2550 probe

162 2561 304 2623 laetitiam
336 2567 504 2641 poetarum,
539 2579 665 2640 quorum
698 2563 741 2621 sic
772 2563 891 2640 ingenia
922 2560 1108 2621 maeroribus
1145 2569 1183 2620 ut

162 2649 298 2730 pisciculi
317 2649 431 2710 retibus
450 2652 642 2731 amiciuntur3
665 2652 740 2710 etsi
764 2650 835 2728 quid
854 2666 993 2728 asperum
1012 2656 1062 2710 aut
1081 2651 1180 2730 triste,

121 2757 148 2799 aa
162 2757 222 2800 non
260 2741 360 2799 statim
397 2757 462 2800 sese
496 2740 612 2818 poetica
646 2739 814 2799 teneritudo
852 2758 867 2798 a
904 2737 1022 2798 vinculo
1063 2740 1179 2801 incursi

163 2830 282 2908 angoris
313 2828 455 2907 elaqueat.
435 2828 629 2888 tnecdum
660 2830 740 2888 enim
771 2830 930 2907 quicquam
954 2827 990 2887 de
1013 2827 1181 2887 hereditate

235 3005 267 3052 17
288 2999 412 3052 luvenul.
427 2997 487 3065 Vll,
503 3004 544 3054 62.

236 3069 346 3137 lquod
364 3070 399 3124 N
405 3069 534 3138 VMOT
557 3086 612 3151 quo
632 3070 673 3138 L,
689 3070 759 3151 sort.
779 3076 848 3125 recte
874 3072 884 3139 1
913 3067 1089 3123 dinveniere
1108 3069 1135 3123 L
1153 3075 1182 3124 et

164 3145 245 3209 (corr.
265 3157 299 3196 cer
321 3141 447 3196 invenire
467 3140 610 3210 M¹)M,'
602 3139 728 3195 mvenire
752 3141 814 3196 VN
819 3141 870 3196 OT
890 3144 900 3210 11
924 3147 939 3196 ‘l
959 3140 1083 3195 censitor
1101 3143 1180 3209 (cen-

165 3214 240 3266 setor
266 3215 325 3284 epo)
353 3227 469 3266 onerare
487 3213 678 3282 Iacctjobuuo,
705 3215 801 3267 censet
824 3227 972 3266 oronorare
995 3211 1034 3281 L,
1062 3227 1179 3265 censens

164 3299 280 3338 onerare
301 3286 379 3353 (ροιι.
399 3300 486 3338 ensa.
507 3285 524 3339 1
543 3291 569 3340 et
587 3301 642 3340 ras.
661 3283 725 3339 add.
740 3283 796 3340 No,
800 3284 882 3352 NM,
905 3298 1021 3338 censens
1040 3283 1181 3337 honerare

165 3355 196 3422 Τ,
217 3371 312 3409 censes
332 3371 448 3409 onerare
469 3355 504 3421 0;
522 3357 557 3423 of.
572 3355 633 3411 Ate.
648 3355 724 3410 Aott
739 3371 761 3410 c.
781 3355 831 3423 VI,
846 3327 899 3409 613
922 3358 930 3422 11
955 3358 988 3407 10
1007 3355 1072 3407 tuae
1091 3352 1180 3407 michi

165 3425 208 3495 Ol
224 3432 256 3479 13
272 3433 336 3496 post
353 3425 480 3480 versibus
500 3428 548 3495 lep.
568 3425 655 3480 tuis'
643 3443 676 3481 ιιι
695 3427 727 3494 Τ,
750 3443 770 3481 s.
791 3423 1179 3494 l.add.P¹1118fort.1m-

163 3495 265 3550 merito
283 3497 469 3566 Ltcetjobuuot,
487 3498 594 3564 frustra
607 3498 617 3566 11
635 3503 668 3550 21
689 3500 837 3566 cumque(
838 3514 888 3552 om
908 3499 951 3565 ut)
969 3496 996 3550 L
1011 3500 1015 3560 1
1031 3495 1180 3550 moderare

164 3569 260 3636 Τ116
279 3568 430 3622 sesoLet
449 3569 508 3635 (al
529 3584 645 3624 semus.
663 3573 737 3623 uto.
757 3567 857 3637 N‘)N,
876 3567 1032 3636 sessor,
1052 3583 1082 3621 ee
1104 3567 1179 3636 οΤ11
