2610 4056
167 187 233 252 226
545 186 653 241 LIBER
670 187 802 245 NONUS.

444 353 577 396 camerae
601 338 632 396 in
656 355 785 416 superna
807 336 946 421 lychnus,

391 437 425 486 50
445 424 601 504 oleumque
625 428 794 487 nescientes

444 514 605 593 adipesque
629 513 793 592 glutinosos

443 611 528 663 utero
551 609 684 664 tumente
708 603 832 665 fundant

442 690 661 771 opobalsamum
684 691 833 753 lucernae.

486 833 587 894 Geruli
610 841 697 912 caput
719 835 864 913 plicantes

389 936 422 984 55
442 922 625 1002 anaglyptico
647 923 765 984 metallo

442 1011 544 1090 epulas
567 1011 758 1090 superbiores

442 1103 554 1161 umeris
578 1100 674 1161 lerant
697 1103 821 1162 onustis.

441 1196 570 1271 paterae,
593 1189 705 1270 scyphi,
728 1189 840 1250 lebetes

442 1280 556 1340 socient
578 1277 702 1340 Falerna
724 1278 817 1339 nardo

389 1379 423 1427 eo
441 1368 632 1447 tripodasque
656 1367 872 1448 cantharosque

442 1475 509 1517 rosa
533 1456 629 1517 sutilis
653 1462 783 1517 coronet.

441 1547 521 1606 iuvat
543 1548 587 1606 ire
610 1563 665 1624 per
687 1544 812 1606 corollas

442 1633 587 1695 alabastra
609 1633 798 1716 ventilantes3

442 1725 523 1784 iuvat
545 1731 575 1783 et
597 1741 669 1802 vago
692 1730 791 1784 rotatu

388 1823 422 1874 55
441 1812 511 1872 dare
535 1812 626 1872 lracta
648 1810 781 1872 membra
803 1812 883 1894 ludo,

443 1899 582 1961 simedare
605 1900 652 1960 vel
673 1906 835 1962 trementes

441 1988 526 2069 pede,
548 1995 639 2069 veste,
662 2007 732 2049 voce
755 1989 894 2052 Bacchas.

441 2077 550 2138 bimari
571 2079 703 2138 remittat
724 2079 798 2139 urbe

442 2165 591 2246 thymelen
613 2165 759 2245 palenque
783 2167 885 2229 doctas
908 2163 910 2170 ’

391 2267 423 2316 70
442 2254 557 2334 tepidas
580 2255 617 2315 ad
640 2255 773 2316 officinas

444 2344 638 2405 citharistrias
662 2344 831 2426 Corinthus,

444 2433 529 2512 digiti
553 2433 660 2513 quibus
684 2441 824 2494 canentes

443 2525 555 2602 pariter
578 2530 700 2583 sonante
724 2522 824 2601 lingua

442 2613 506 2673 vice
529 2613 656 2690 pectinis
679 2612 803 2690 fatigent

392 2713 424 2762 75
444 2703 570 2761 animata
594 2700 642 2761 iila
666 2700 763 2779 pulsu.

486 2824 558 2885 Date
583 2831 613 2884 et
635 2843 704 2886 aera
727 2825 863 2908 fistulata,

444 2913 556 2993 Satyris
580 2916 674 2974 amica
697 2915 798 2996 nudis;

445 3002 511 3062 date
535 3001 652 3062 ravulos
676 3003 839 3084 choraulae,

444 3090 552 3170 quibus
576 3099 659 3151 antra
682 3110 737 3171 per
759 3093 849 3172 palati

394 3191 428 3241 80
447 3178 577 3258 crepulis
600 3180 730 3241 rellanda
752 3180 855 3242 buccis

445 3271 536 3346 gemit
559 3286 630 3330 aura
655 3269 772 3330 tibialis.

241 3422 267 3458 r.
283 3408 316 3457 69
339 3403 479 3472 palenque
499 3404 537 3458 M
541 3403 604 3473 OF,
627 3404 777 3474 palemque
796 3406 825 3459 P
844 3407 853 3475 ΙΙ
876 3423 901 3460 v.
918 3411 951 3460 lo
973 3404 1086 3476 tepidas
1109 3406 1189 3474 (idas

169 3491 208 3598 gg)
220 3473 393 3614 agefeficfflff
414 3479 419 3544 Ι
444 3473 564 3528 officinis
587 3483 666 3544 (ectr.
681 3476 693 3529 i
710 3494 778 3532 corr.
797 3478 830 3532 in
848 3493 866 3530 a
884 3476 943 3545 M¹)
950 3478 999 3547 M,·
1021 3494 1059 3533 ao
1077 3479 1188 3547 tepidis
