2614 4030
209 187 287 242 XXII
604 186 820 242 PRAEFATIO.

209 343 239 396 et
261 339 404 398 salutatio
410 358 421 407 ;
445 336 480 396 61.
500 335 601 396 Fausti
624 343 653 396 et
675 335 790 397 Ruricii
813 338 898 416 epist.
917 355 945 416 p.
968 331 1119 417 195,14;
1143 333 1230 417 215,

211 423 266 506 12,
290 422 366 505 218,
385 423 417 505 8,
446 421 520 506 368,
541 422 595 506 16,
618 423 693 506 407,
712 423 732 486 6
752 425 787 485 al.
812 417 851 509 (v.
871 424 1008 504 Engelbr.
1028 418 1112 508 ind).
1160 425 1228 486 Sed

209 516 298 574 etiam
311 517 448 590 sospitas,
468 515 525 574 etsi
539 516 646 595 rarius,
666 514 789 574 eandem
803 514 879 604 banp
895 516 954 574 vim
972 513 1069 594 habet,
1087 521 1121 574 ut
1141 514 1227 594 apud

208 601 268 663 Alc.
287 603 361 663 Avia.
380 621 407 681 p.
423 600 475 683 67,
490 600 532 664 23
549 602 794 679 frequentandae
811 607 980 680 6666116116,
1000 600 1107 683 77,17
1125 622 1225 679 prae·

205 691 273 768 fato
297 695 488 766 turpissimae
510 695 663 769 sospitatis
686 695 807 754 nonore.
828 691 929 752 -111,
949 691 1056 752 Leonis
1076 694 1227 772 optimam

208 783 408 841 coniecturam
432 781 581 841 Reatinus
604 783 712 860 recepi.
732 815 774 823 —
798 779 880 841 1114
903 798 1085 856 quamquam
1108 784 1233 853 mutari,

207 867 308 950 nolim,
332 887 400 930 cum
422 868 494 929 haec
518 871 556 929 sit
579 871 739 930 sententia:
766 871 898 948 quamvis
921 887 975 949 per
998 887 1101 930 omnes
1124 869 1226 930 libros

207 965 275 1018 tuos
299 960 467 1018 continuata
490 960 644 1018 maturitas
669 965 815 1040 appareat,
838 966 938 1020 tamen
961 959 1049 1019 etiam
1073 961 1225 1018 teneritu-

208 1047 308 1107 dinem
332 1046 466 1106 admittit.
491 1081 533 1090 —
556 1045 637 1108 1115
660 1065 696 1107 ex
719 1046 788 1106 LN“
809 1050 1008 1124 horoscopum
1034 1048 1151 1126 scripsi.
1178 1082 1224 1090 —

207 1135 248 1196 lb.
270 1135 289 1198 6
314 1136 511 1196 nominativus
536 1137 645 1197 Platon
673 1138 704 1195 in
726 1134 750 1194 L
778 1142 910 1196 servatus
939 1130 989 1219 (cl.
1010 1154 1054 1214 ep.
1073 1134 1119 1216 1V,
1142 1136 1169 1216 1,
1191 1133 1224 1215 3,

207 1224 260 1285 ubi
284 1225 376 1285 ceteri
399 1241 516 1302 quoque
543 1223 613 1284 libri
640 1225 764 1285 eandem
791 1225 916 1284 formam
944 1218 1098 1308 exhibent)
1127 1227 1222 1284 etiam

208 1311 360 1374 Claudiani
389 1310 525 1373 Mamerti
556 1315 695 1392 proprius
728 1320 781 1373 est.
806 1347 848 1355 —
876 1312 917 1374 lb.
942 1310 961 1375 8
995 1331 1062 1374 cum
1090 1312 1116 1372 N
1149 1332 1222 1374 cum

206 1400 330 1480 reliquis
355 1400 506 1462 codicibus
530 1409 631 1462 eontra
650 1401 674 1461 L
698 1404 866 1463 consentire
884 1401 1025 1480 viderem,
1048 1409 1221 1478 quaternas

207 1493 365 1552 restituere
388 1487 495 1551 melius
519 1490 597 1551 duxi.
618 1525 659 1533 —
679 1491 724 1571 17,
741 1488 772 1571 4,
795 1491 809 1550 l
835 1489 1071 1570 Luetjohannum
1095 1498 1219 1551 secutus

140 1572 143 1582 ’
205 1587 316 1641 ceneta
339 1582 371 1639 in
393 1586 506 1640 textum
525 1582 634 1660 recepi,
657 1597 717 1640 non
736 1597 795 1658 quo
810 1579 967 1640 verborum
987 1581 1219 1640 concinnitatem

206 1668 404 1747 quaerendam
427 1687 493 1729 esse
517 1675 653 1747 putarem
676 1704 718 1711 —
742 1687 810 1729 nam
833 1687 893 1728 non
917 1668 1008 1729 semel
1030 1668 1107 1748 apud
1131 1668 1218 1728 Sido-

205 1760 288 1818 nium
320 1776 411 1818 unum
443 1756 489 1818 161
517 1757 574 1817 duo
602 1757 776 1818 bimembria
804 1776 878 1836 quae
907 1758 1046 1818 dicuntur
1075 1757 1216 1836 asyndeta

204 1846 376 1907 trimembre
401 1848 523 1926 excipit,
553 1853 586 1906 ut
609 1865 653 1926 ep.
671 1846 694 1927 1,
713 1844 742 1926 6,
761 1844 795 1927 2,
825 1845 870 1927 IV,
888 1844 941 1926 22,
960 1844 980 1908 3
1005 1881 1046 1888 -
1071 1846 1123 1907 sed
1148 1854 1216 1906 aute

205 1943 313 1996 natata
336 1936 392 1994 boc
415 1933 590 1995 vocabulum
614 1935 698 1996 facile
722 1935 899 1996 intercidere
921 1938 1025 2015 potuit,
1049 1935 1127 2013 quod
1151 1943 1216 1995 tum

205 2026 237 2083 in
257 2022 306 2084 CF
329 2022 408 2083 felici
431 2029 465 2083 61
482 2022 599 2083 videtur
623 2026 792 2084 coniectura
811 2031 1018 2103 recuperatum
1037 2030 1090 2084 est.
1111 2058 1153 2066 -—
1173 2022 1214 2084 lb.

205 2115 357 2185 venerari,
381 2111 458 2190 quod
478 2113 508 2171 in
529 2110 550 2172 6
568 2130 623 2192 pro
641 2116 792 2175 honorari
809 2113 925 2193 legitur,
948 2130 1008 2172 uon
1027 2119 1072 2172 est
1090 2111 1215 2173 dubium

206 2202 277 2279 quin
304 2199 513 2279 interpolatum
542 2203 587 2260 sit.
635 2201 777 2262 Similiter
804 2209 892 2280 atque
918 2202 968 2262 hic
997 2203 1141 2280 scriptum
1170 2208 1215 2261 est

205 2290 282 2369 apud
310 2287 451 2349 Faustum
473 2308 501 2368 p.
523 2287 595 2370 197,
615 2287 634 2351 8
658 2309 749 2365 qnae,
776 2294 856 2351 sicat
882 2293 1040 2352 moderari
1066 2294 1211 2363 convenit,

205 2381 249 2439 tta
272 2397 394 2440 necesse
418 2386 461 2440 est
480 2381 642 2455 duplicari.
662 2375 850 2459 -1V,5‚1
876 2381 1006 2440 debebas
1025 2385 1105 2438 recte
1125 2377 1210 2438 Luet-

202 2465 350 2546 johannus
373 2484 408 2526 ex
432 2485 491 2527 uno
515 2466 538 2526 L
561 2469 686 2548 recepit3
714 2486 783 2527 nam
811 2469 837 2527 si
865 2469 1051 2528 coniunctim
1080 2485 1116 2527 611
1144 2486 1212 2528 voce

205 2560 362 2632 indtpnam
384 2555 532 2634 pendente
554 2574 628 2634 opus
648 2563 737 2637 66661,
759 2559 890 2618 dedendi
906 2555 1029 2617 verbum
1048 2556 1097 2616 hic
1115 2555 1211 2616 locum

204 2662 265 2704 non
292 2643 428 2724 haberet,
457 2643 508 2704 sed
535 2647 680 2706 scribetis
707 2651 955 2724 exspectaremus.
1001 2644 1058 2704 Pro
1086 2647 1211 2722 genuina

204 2733 331 2794 lectione
363 2751 430 2793 cum
463 2735 495 2792 iu
526 2732 552 2792 N
584 2732 774 2812 neglegenter
807 2736 918 2796 debeas
949 2736 1094 2812 scriptum
1127 2744 1211 2814 66661,

204 2821 369 2902 corruptele
408 2821 565 2902 gliscente,
602 2824 671 2900 quia
708 2822 867 2901 singularis
903 2841 1045 2883 numerus
1084 2821 1211 2882 librariis

205 2911 379 2990 displicebat
403 2904 503 2994 (paulo
528 2912 607 2970 enim
636 2917 703 2971 ante
730 2915 914 2973 meditemini
936 2910 1048 2972 dictum
1071 2904 1147 2994 est),
1177 2930 1210 2970 ex

205 3003 315 3061 debeas
347 3000 455 3060 lactum
488 3005 534 3059 est
562 3001 704 3062 debeatis.
728 3034 769 3042 -
798 3000 907 3061 Contra
934 2998 1018 3060 111.2
1046 3009 1210 3060 ceterorum

205 3088 340 3149 codicum
373 3090 551 3167 scripturam
583 3097 674 3164 atque
706 3092 774 3150 item
803 3092 902 3150 desint
928 3095 1031 3149 contra
1053 3087 1122 3147 LN⁸
1150 3091 1210 3148 sine

205 3176 387 3238 dubitatione
411 3179 520 3255 recepi.
546 3211 587 3218 —
611 3176 652 3237 lb.
676 3177 755 3256 quod
778 3177 854 3238 inC
882 3182 958 3238 illud
978 3183 1046 3256 post
1069 3181 1212 3252 quiequid

205 3268 360 3344 omittitur,
383 3283 399 3324 a
414 3264 529 3325 Sidonii
548 3283 655 3343 genere
674 3265 793 3327 dicendi
812 3265 964 3347 6111161161,
987 3266 1023 3326 cl.
1038 3284 1083 3345 ep.
1098 3264 1133 3346 ss,
1151 3264 1208 3345 1,4

205 3348 271 3439 (ubi
291 3353 312 3415 C
332 3355 403 3414 item
422 3355 592 3414 inusitatius
610 3358 758 3430 quicquid
775 3363 819 3416 est
837 3358 914 3416 illud
930 3348 1047 3436 habet);
1066 3352 1208 3434 17,24,6

205 3447 341 3521 quisquis
364 3446 414 3504 ille
433 3441 532 3517 faerit
554 3446 712 3518 languoris
735 3452 874 3515 eventum
901 3443 933 3522 V,
953 3442 982 3523 2,
1001 3441 1035 3524 2,
1058 3442 1089 3523 V,
1113 3440 1208 3523 14,1;

205 3533 267 3615 Vll,
288 3529 342 3613 15,
361 3529 395 3611 2,
423 3529 499 3610 v111,
519 3527 552 3610 9,
572 3528 600 3591 2.
625 3566 667 3574 -
690 3530 734 3613 lV,
754 3531 788 3612 6,
806 3531 827 3594 2
850 3532 1073 3593 Wilamowitzio
1102 3531 1208 3593 hiatum
