2628 4034
524 198 677 255 CARMEN
694 201 767 256 XIII.

615 414 687 480 XII.

444 537 494 590 AD
513 537 546 592 V.
567 537 595 592 Ο.
616 536 860 595 CATULLINUM.

349 649 424 721 Quid
448 668 504 730 me,
528 653 585 711 etsi
607 650 728 732 valeam,
750 670 854 731 parare
879 669 998 712 carmen

304 737 563 800 Fescenninicolae
586 739 672 800 iubes
695 739 804 801 Diones

303 830 382 888 inter
405 831 568 906 crinigeras
592 830 681 890 situm
706 836 837 890 catervas

304 926 334 977 et
357 915 530 978 Germanica
553 918 642 978 verba
667 921 876 1000 sustinentem,

269 1004 471 1066 claudentem
494 1009 600 1067 tetrIco
625 1007 750 1067 suhInde
774 1007 866 1088 vultu,

304 1094 382 1173 quod
406 1095 576 1174 Burgundio
601 1103 699 1157 cantat
721 1096 900 1178 esculentus

303 1183 463 1244 infundens
486 1184 569 1244 acido
593 1203 706 1245 comam
727 1183 855 1265 butyro?

305 1275 350 1332 vis
374 1271 469 1333 dicam
492 1273 556 1354 tibi,
580 1273 650 1351 quid
673 1292 778 1352 poema
802 1273 938 1354 frangat?

305 1379 339 1421 ex
363 1361 420 1421 hoc
443 1360 606 1422 barbaricis
630 1362 731 1423 abacta
754 1363 876 1441 plectris

252 1461 284 1510 10
304 1453 420 1529 spernIt
443 1450 614 1529 senipedem
639 1451 738 1512 stilum
763 1452 873 1534 Thalia,

303 1558 339 1600 ex
363 1557 421 1618 quo
446 1539 614 1619 septipedes
638 1541 719 1601 videt
740 1548 889 1619 patronos

302 1628 404 1689 felices
428 1628 529 1689 oculos
552 1636 620 1689 tuos
644 1636 674 1689 et
697 1648 783 1690 aures

302 1716 478 1797 felicemque
502 1716 574 1778 libet
592 1736 697 1778 vocare
720 1737 834 1800 nasum,

303 1809 352 1866 cui
374 1825 433 1866 non
457 1806 523 1867 allia
547 1807 742 1886 sordidaeque
762 1827 868 1887 caepae

251 1904 283 1953 15
303 1901 420 1955 ructant
443 1914 528 1956 mane
551 1915 627 1956 novo
651 1896 752 1957 decem
776 1902 942 1978 apparatus,

302 2001 390 2061 quem
413 2002 473 2044 non
496 1992 530 2046 ut
551 1985 682 2046 vetulum
705 1988 798 2065 patris
822 1993 977 2065 parentem

301 2074 486 2151 nutricisque
509 2076 606 2133 virum
629 2075 677 2135 die
701 2094 756 2136 neo
780 2083 844 2136 orto

302 2167 346 2220 tot
369 2163 501 2240 tantique
524 2168 629 2241 petunt
652 2164 740 2226 simul
764 2163 912 2246 Gigantes,

302 2257 374 2328 quot
396 2252 444 2310 via
467 2249 583 2311 Alcinoi
606 2253 703 2313 culina
727 2255 826 2314 ferret.

248 2349 287 2399 ao
346 2338 404 2398 Sed
427 2341 486 2399 iam
508 2339 592 2400 Musa
614 2347 693 2401 tacet
714 2349 854 2421 tenetque
877 2342 1008 2404 habenas

300 2429 403 2506 paucis
426 2427 678 2508 hendecasyllabis
701 2432 804 2511 iocata,

300 2534 337 2576 ne
361 2519 517 2596 quisquam
541 2520 662 2578 satiram
684 2517 731 2578 vel
753 2517 808 2578 hos
830 2528 958 2581 vocaret.

601 2743 690 2809 XIII.

347 2865 397 2920 AD
416 2865 684 2928 IMPERATOREM
703 2867 950 2922 MAIORIANUM.

105 3005 106 3008 ¹
191 2977 474 3058 Amphitryoniaden
496 2979 634 3059 perhibet
656 2980 822 3040 veneranda
845 2987 986 3062 vetustas,

259 3068 328 3128 dum
352 3067 462 3128 relevat
484 3075 589 3148 terrae,
613 3071 815 3148 promeruisse
838 3068 931 3148 polos.

192 3156 244 3217 sed
269 3156 339 3217 licet
362 3158 394 3217 in
416 3157 495 3217 nuda
518 3165 620 3217 torvus
645 3159 824 3236 confregerIt
847 3156 916 3218 ulna

260 3245 310 3306 ille
334 3245 495 3308 Cleonaeae
520 3254 637 3325 guttura
661 3265 728 3307 rava
753 3247 841 3328 serae,

157 3340 221 3394 oet
245 3353 422 3414 quamquam
446 3335 562 3395 ardenti
584 3334 681 3414 gladio
704 3337 751 3396 vix
776 3338 913 3396 straverit
936 3335 1068 3419 hydram,

208 3486 261 3540 Xll
281 3493 313 3542 21
334 3505 383 3544 om.
400 3489 426 3542 Τ
444 3491 454 3559 ΙΙ
476 3488 541 3542 XIII
560 3493 576 3542 3
596 3489 646 3544 sed
664 3507 726 3561 eyo,·
744 3489 868 3563 et—eodd.
891 3493 901 3561 I
923 3497 1044 3544 trauca
1064 3490 1099 3560 0;
1117 3492 1154 3559 es.

136 3573 158 3614 e.
173 3557 231 3627 XI,
246 3561 327 3630 122I
