<?xml version="1.0" encoding="UTF-8"?>
<!DOCTYPE html PUBLIC "-//W3C//DTD XHTML 1.0 Transitional//EN"
    "http://www.w3.org/TR/xhtml1/DTD/xhtml1-transitional.dtd">
<html xmlns="http://www.w3.org/1999/xhtml" xml:lang="en" lang="en">
 <head>
  <title>
</title>
<meta http-equiv="Content-Type" content="text/html;charset=utf-8" />
  <meta name='ocr-system' content='tesseract 3.04.00' />
  <meta name='ocr-capabilities' content='ocr_page ocr_carea ocr_par ocr_line ocrx_word'/>
</head>
<body>
  <div class='ocr_page' id='page_1' title='image "./csolliusapollin01apolgoog_0187.png"; bbox 0 0 2660 4030; ppageno 0'>
   <div class='ocr_carea' id='block_1_1' title="bbox 201 224 838 294">
    <p class='ocr_par' dir='ltr' id='par_1_1' title="bbox 201 224 838 294">
     <span class='ocr_line' id='line_1_1' title="bbox 201 224 838 294; baseline -0.003 -12"><span class='ocrx_word' id='word_1_1' title='bbox 201 230 264 294; x_wconf 80' lang='lat'><strong>132</strong></span> <span class='ocrx_word' id='word_1_2' title='bbox 563 225 673 281; x_wconf 80' lang='lat' dir='ltr'><strong>LIBER</strong></span> <span class='ocrx_word' id='word_1_3' title='bbox 691 224 838 281; x_wconf 81' lang='lat' dir='ltr'>SEXTUS.</span> 
     </span>
    </p>
   </div>
   <div class='ocr_carea' id='block_1_2' title="bbox 160 374 1223 1256">
    <p class='ocr_par' dir='ltr' id='par_1_2' title="bbox 160 374 1223 1256">
     <span class='ocr_line' id='line_1_2' title="bbox 198 374 1223 457; baseline -0.005 -18"><span class='ocrx_word' id='word_1_4' title='bbox 198 379 378 440; x_wconf 84' lang='lat' dir='ltr'><strong>beneficium</strong></span> <span class='ocrx_word' id='word_1_5' title='bbox 405 383 549 457; x_wconf 77' lang='lat' dir='ltr'>praestat,</span> <span class='ocrx_word' id='word_1_6' title='bbox 581 375 660 454; x_wconf 91' lang='lat' dir='ltr'><strong>quod</strong></span> <span class='ocrx_word' id='word_1_7' title='bbox 688 393 720 436; x_wconf 92' lang='lat' dir='ltr'><strong>se</strong></span> <span class='ocrx_word' id='word_1_8' title='bbox 753 374 914 436; x_wconf 78' lang='lat' dir='ltr'>arbitratur</span> <span class='ocrx_word' id='word_1_9' title='bbox 941 375 1090 454; x_wconf 79' lang='lat' dir='ltr'><strong>accipere,</strong></span> <span class='ocrx_word' id='word_1_10' title='bbox 1123 376 1223 435; x_wconf 89' lang='lat' dir='ltr'><strong>sicuti</strong></span> 
     </span>
     <span class='ocr_line' id='line_1_3' title="bbox 198 463 1221 544; baseline -0.006 -16"><span class='ocrx_word' id='word_1_11' title='bbox 198 485 278 528; x_wconf 90' lang='lat' dir='ltr'><strong>nunc</strong></span> <span class='ocrx_word' id='word_1_12' title='bbox 292 464 471 527; x_wconf 84' lang='lat' dir='ltr'><strong>venerabilis</strong></span> <span class='ocrx_word' id='word_1_13' title='bbox 484 464 639 544; x_wconf 85' lang='lat' dir='ltr'><strong>Donidius,</strong></span> <span class='ocrx_word' id='word_1_14' title='bbox 657 463 765 543; x_wconf 77' lang='lat' dir='ltr'><strong>dignus</strong></span> <span class='ocrx_word' id='word_1_15' title='bbox 783 466 862 524; x_wconf 87' lang='lat' dir='ltr'><strong>inter</strong></span> <span class='ocrx_word' id='word_1_16' title='bbox 875 465 1108 542; x_wconf 87' lang='lat' dir='ltr'><strong>spectatissimos</strong></span> <span class='ocrx_word' id='word_1_17' title='bbox 1124 481 1221 542; x_wconf 90' lang='lat' dir='ltr'><strong>quos-</strong></span> 
     </span>
     <span class='ocr_line' id='line_1_4' title="bbox 199 551 1219 636; baseline -0.006 -19"><span class='ocrx_word' id='word_1_18' title='bbox 199 575 257 636; x_wconf 75' lang='lat' dir='ltr'><strong>‹pre</strong></span> <span class='ocrx_word' id='word_1_19' title='bbox 280 557 441 616; x_wconf 86' lang='lat' dir='ltr'><strong>numerari</strong></span> <span class='ocrx_word' id='word_1_20' title='bbox 477 557 563 615; x_wconf 90' lang='lat' dir='ltr'><strong>cuins</strong></span> <span class='ocrx_word' id='word_1_21' title='bbox 587 552 726 614; x_wconf 90' lang='lat' dir='ltr'><strong>clientem</strong></span> <span class='ocrx_word' id='word_1_22' title='bbox 748 571 917 632; x_wconf 87' lang='lat' dir='ltr'><strong>puerosque</strong></span> <span class='ocrx_word' id='word_1_23' title='bbox 936 551 1121 631; x_wconf 86' lang='lat' dir='ltr'><strong>commendo,</strong></span> <span class='ocrx_word' id='word_1_24' title='bbox 1142 571 1219 631; x_wconf 77' lang='lat' dir='ltr'><strong>pro</strong></span> 
     </span>
     <span class='ocr_line' id='line_1_5' title="bbox 199 639 1219 722; baseline -0.005 -16"><span class='ocrx_word' id='word_1_25' title='bbox 199 645 295 706; x_wconf 80' lang='lat' dir='ltr'><strong>tectos</strong></span> <span class='ocrx_word' id='word_1_26' title='bbox 317 659 370 704; x_wconf 89' lang='lat' dir='ltr'><strong>seu</strong></span> <span class='ocrx_word' id='word_1_27' title='bbox 393 646 425 704; x_wconf 96' lang='lat' dir='ltr'><strong>in</strong></span> <span class='ocrx_word' id='word_1_28' title='bbox 447 645 566 722; x_wconf 90' lang='lat' dir='ltr'><strong>patroni</strong></span> <span class='ocrx_word' id='word_1_29' title='bbox 586 644 764 703; x_wconf 86' lang='lat' dir='ltr'><strong>necessitate</strong></span> <span class='ocrx_word' id='word_1_30' title='bbox 787 661 842 702; x_wconf 87' lang='lat' dir='ltr'><strong>seu</strong></span> <span class='ocrx_word' id='word_1_31' title='bbox 864 644 895 701; x_wconf 94' lang='lat' dir='ltr'><strong>in</strong></span> <span class='ocrx_word' id='word_1_32' title='bbox 918 641 1040 702; x_wconf 84' lang='lat' dir='ltr'><strong>domini</strong></span> <span class='ocrx_word' id='word_1_33' title='bbox 1079 639 1219 701; x_wconf 84' lang='lat' dir='ltr'><strong>laborem</strong></span> 
     </span>
     <span class='ocr_line' id='line_1_6' title="bbox 173 730 1219 813; baseline 0 -23"><span class='ocrx_word' id='word_1_34' title='bbox 173 735 444 813; x_wconf 80' lang='lat' dir='ltr'><strong>speregrinantum</strong></span> <span class='ocrx_word' id='word_1_35' title='bbox 472 751 531 812; x_wconf 85' lang='lat' dir='ltr'><strong>qua</strong></span> <span class='ocrx_word' id='word_1_36' title='bbox 556 734 682 811; x_wconf 90' lang='lat' dir='ltr'><strong>potestis</strong></span> <span class='ocrx_word' id='word_1_37' title='bbox 710 749 765 810; x_wconf 91' lang='lat' dir='ltr'><strong>ope</strong></span> <span class='ocrx_word' id='word_1_38' title='bbox 792 730 975 792; x_wconf 82' lang='lat' dir='ltr'><strong>humanitate</strong></span> <span class='ocrx_word' id='word_1_39' title='bbox 997 731 1219 791; x_wconf 79' lang='lat' dir='ltr'><strong>intercessione</strong></span> 
     </span>
     <span class='ocr_line' id='line_1_7' title="bbox 199 820 1219 903; baseline -0.003 -20"><span class='ocrx_word' id='word_1_40' title='bbox 199 825 350 903; x_wconf 88' lang='lat' dir='ltr'><strong>tutamini;</strong></span> <span class='ocrx_word' id='word_1_41' title='bbox 382 840 429 903; x_wconf 85' lang='lat' dir='ltr'><strong>ac,</strong></span> <span class='ocrx_word' id='word_1_42' title='bbox 461 823 488 881; x_wconf 95' lang='lat' dir='ltr'><strong>si</strong></span> <span class='ocrx_word' id='word_1_43' title='bbox 519 823 551 882; x_wconf 98' lang='lat' dir='ltr'><strong>in</strong></span> <span class='ocrx_word' id='word_1_44' title='bbox 583 820 681 899; x_wconf 90' lang='lat' dir='ltr'><strong>aliquo</strong></span> <span class='ocrx_word' id='word_1_45' title='bbox 714 822 827 880; x_wconf 89' lang='lat' dir='ltr'><strong>amicus</strong></span> <span class='ocrx_word' id='word_1_46' title='bbox 858 822 924 899; x_wconf 91' lang='lat' dir='ltr'><strong>ipse</strong></span> <span class='ocrx_word' id='word_1_47' title='bbox 950 837 1005 898; x_wconf 91' lang='lat' dir='ltr'><strong>per</strong></span> <span class='ocrx_word' id='word_1_48' title='bbox 1031 820 1219 898; x_wconf 79' lang='lat' dir='ltr'><strong>imperitiam</strong></span> 
     </span>
     <span class='ocr_line' id='line_1_8' title="bbox 199 907 1220 990; baseline -0.005 -18"><span class='ocrx_word' id='word_1_49' title='bbox 199 914 418 990; x_wconf 78' lang='lat' dir='ltr'><strong>novitatemque</strong></span> <span class='ocrx_word' id='word_1_50' title='bbox 432 909 568 989; x_wconf 85' lang='lat' dir='ltr'><strong>publicae</strong></span> <span class='ocrx_word' id='word_1_51' title='bbox 582 910 816 971; x_wconf 85' lang='lat' dir='ltr'><strong>conversationis</strong></span> <span class='ocrx_word' id='word_1_52' title='bbox 828 907 977 970; x_wconf 80' lang='lat' dir='ltr'><strong>videbitur</strong></span> <span class='ocrx_word' id='word_1_53' title='bbox 990 910 1089 970; x_wconf 91' lang='lat' dir='ltr'><strong>minus</strong></span> <span class='ocrx_word' id='word_1_54' title='bbox 1099 908 1220 988; x_wconf 82' lang='lat' dir='ltr'><strong>efficax,</strong></span> 
     </span>
     <span class='ocr_line' id='line_1_9' title="bbox 198 997 1220 1080; baseline -0.002 -20"><span class='ocrx_word' id='word_1_55' title='bbox 198 1018 251 1062; x_wconf 87' lang='lat' dir='ltr'><strong>vos</strong></span> <span class='ocrx_word' id='word_1_56' title='bbox 278 1000 335 1061; x_wconf 91' lang='lat' dir='ltr'><strong>boc</strong></span> <span class='ocrx_word' id='word_1_57' title='bbox 362 1002 462 1080; x_wconf 89' lang='lat' dir='ltr'><strong>potius</strong></span> <span class='ocrx_word' id='word_1_58' title='bbox 489 1001 626 1079; x_wconf 86' lang='lat' dir='ltr'><strong>aspicite,</strong></span> <span class='ocrx_word' id='word_1_59' title='bbox 658 998 729 1077; x_wconf 88' lang='lat' dir='ltr'><strong>quid</strong></span> <span class='ocrx_word' id='word_1_60' title='bbox 759 997 891 1060; x_wconf 88' lang='lat' dir='ltr'><strong>absentis</strong></span> <span class='ocrx_word' id='word_1_61' title='bbox 918 1015 1021 1079; x_wconf 86' lang='lat' dir='ltr'><strong>causa,</strong></span> <span class='ocrx_word' id='word_1_62' title='bbox 1049 1015 1110 1057; x_wconf 93' lang='lat' dir='ltr'><strong>non</strong></span> <span class='ocrx_word' id='word_1_63' title='bbox 1141 997 1220 1076; x_wconf 89' lang='lat' dir='ltr'><strong>quid</strong></span> 
     </span>
     <span class='ocr_line' id='line_1_10' title="bbox 199 1085 1218 1169; baseline -0.005 -19"><span class='ocrx_word' id='word_1_64' title='bbox 199 1091 366 1169; x_wconf 86' lang='lat' dir='ltr'><strong>praesentis</strong></span> <span class='ocrx_word' id='word_1_65' title='bbox 388 1106 516 1167; x_wconf 92' lang='lat' dir='ltr'><strong>persona</strong></span> <span class='ocrx_word' id='word_1_66' title='bbox 537 1096 695 1150; x_wconf 86' lang='lat' dir='ltr'><strong>mereatur.</strong></span> <span class='ocrx_word' id='word_1_67' title='bbox 731 1105 847 1148; x_wconf 92' lang='lat' dir='ltr'><strong>memor</strong></span> <span class='ocrx_word' id='word_1_68' title='bbox 869 1089 967 1148; x_wconf 89' lang='lat' dir='ltr'><strong>nostri</strong></span> <span class='ocrx_word' id='word_1_69' title='bbox 988 1105 1055 1147; x_wconf 88' lang='lat' dir='ltr'><strong>csse</strong></span> <span class='ocrx_word' id='word_1_70' title='bbox 1078 1085 1218 1167; x_wconf 86' lang='lat' dir='ltr'><strong>dignare,</strong></span> 
     </span>
     <span class='ocr_line' id='line_1_11' title="bbox 160 1179 424 1256; baseline 0.008 -21"><span class='ocrx_word' id='word_1_71' title='bbox 160 1195 187 1235; x_wconf 83' lang='grc' dir='ltr'><strong>ιο</strong></span> <span class='ocrx_word' id='word_1_72' title='bbox 199 1179 318 1240; x_wconf 90' lang='lat' dir='ltr'><strong>domine</strong></span> <span class='ocrx_word' id='word_1_73' title='bbox 341 1196 424 1256; x_wconf 89' lang='lat' dir='ltr'><strong>papa.</strong></span> 
     </span>
    </p>
   </div>
   <div class='ocr_carea' id='block_1_3' title="bbox 272 1366 1141 1546">
    <p class='ocr_par' dir='ltr' id='par_1_3' title="bbox 272 1366 1141 1546">
     <span class='ocr_line' id='line_1_12' title="bbox 679 1366 736 1432; baseline 0 0"><span class='ocrx_word' id='word_1_74' title='bbox 679 1366 736 1432; x_wconf 89' lang='lat' dir='ltr'><strong>VI.</strong></span> 
     </span>
     <span class='ocr_line' id='line_1_13' title="bbox 272 1487 1141 1546; baseline -0.005 0"><span class='ocrx_word' id='word_1_75' title='bbox 272 1488 439 1546; x_wconf 75' lang='lat' dir='ltr'><strong>sidonius</strong></span> <span class='ocrx_word' id='word_1_76' title='bbox 457 1488 603 1546; x_wconf 81' lang='lat' dir='ltr'><strong>DOMINO</strong></span> <span class='ocrx_word' id='word_1_77' title='bbox 622 1487 741 1544; x_wconf 78' lang='lat' dir='ltr'>PAPAE</span> <span class='ocrx_word' id='word_1_78' title='bbox 759 1487 943 1544; x_wconf 77' lang='lat' dir='ltr'><strong>nurnorto</strong></span> <span class='ocrx_word' id='word_1_79' title='bbox 962 1487 1141 1543; x_wconf 79' lang='lat' dir='ltr'>SALUTEM.</span> 
     </span>
    </p>
   </div>
   <div class='ocr_carea' id='block_1_4' title="bbox 162 1601 1305 3016">
    <p class='ocr_par' dir='ltr' id='par_1_4' title="bbox 202 1601 1222 1860">
     <span class='ocr_line' id='line_1_14' title="bbox 271 1601 1221 1682; baseline -0.004 -16"><span class='ocrx_word' id='word_1_80' title='bbox 271 1602 299 1666; x_wconf 93' lang='lat'><strong>1.</strong></span> <span class='ocrx_word' id='word_1_81' title='bbox 323 1602 482 1682; x_wconf 85' lang='lat' dir='ltr'><strong>Postquam</strong></span> <span class='ocrx_word' id='word_1_82' title='bbox 506 1602 696 1682; x_wconf 78' lang='lat' dir='ltr'><strong>foedifragam</strong></span> <span class='ocrx_word' id='word_1_83' title='bbox 720 1608 838 1682; x_wconf 83' lang='lat' dir='ltr'><strong>gentem</strong></span> <span class='ocrx_word' id='word_1_84' title='bbox 856 1602 971 1662; x_wconf 85' lang='lat' dir='ltr'><strong>redisse</strong></span> <span class='ocrx_word' id='word_1_85' title='bbox 990 1603 1021 1662; x_wconf 91' lang='lat' dir='ltr'><strong>in</strong></span> <span class='ocrx_word' id='word_1_86' title='bbox 1040 1601 1126 1662; x_wconf 92' lang='lat' dir='ltr'><strong>sedes</strong></span> <span class='ocrx_word' id='word_1_87' title='bbox 1146 1619 1221 1662; x_wconf 89' lang='lat' dir='ltr'><strong>suas</strong></span> 
     </span>
     <span class='ocr_line' id='line_1_15' title="bbox 203 1691 1221 1773; baseline -0.003 -20"><span class='ocrx_word' id='word_1_88' title='bbox 203 1695 337 1773; x_wconf 84' lang='lat' dir='ltr'><strong>comperi</strong></span> <span class='ocrx_word' id='word_1_89' title='bbox 354 1710 451 1772; x_wconf 89' lang='lat' dir='ltr'><strong>neque</strong></span> <span class='ocrx_word' id='word_1_90' title='bbox 470 1694 629 1771; x_wconf 90' lang='lat' dir='ltr'><strong>quicquam</strong></span> <span class='ocrx_word' id='word_1_91' title='bbox 642 1691 791 1752; x_wconf 84' lang='lat' dir='ltr'><strong>viantibus</strong></span> <span class='ocrx_word' id='word_1_92' title='bbox 805 1691 981 1752; x_wconf 92' lang='lat' dir='ltr'><strong>insidiarum</strong></span> <span class='ocrx_word' id='word_1_93' title='bbox 994 1708 1108 1771; x_wconf 89' lang='lat' dir='ltr'><strong>parare,</strong></span> <span class='ocrx_word' id='word_1_94' title='bbox 1130 1691 1221 1751; x_wconf 80' lang='lat' dir='ltr'><strong>netas</strong></span> 
     </span>
     <span class='ocr_line' id='line_1_16' title="bbox 202 1780 1222 1860; baseline -0.003 -17"><span class='ocrx_word' id='word_1_95' title='bbox 202 1782 317 1844; x_wconf 88' lang='lat' dir='ltr'><strong>credidi</strong></span> <span class='ocrx_word' id='word_1_96' title='bbox 343 1781 469 1843; x_wconf 77' lang='lat' dir='ltr'><strong>rdterins</strong></span> <span class='ocrx_word' id='word_1_97' title='bbox 499 1782 665 1842; x_wconf 84' lang='lat' dir='ltr'><strong>officiorum</strong></span> <span class='ocrx_word' id='word_1_98' title='bbox 692 1780 812 1842; x_wconf 84' lang='lat' dir='ltr'><strong>differre</strong></span> <span class='ocrx_word' id='word_1_99' title='bbox 841 1797 1023 1860; x_wconf 90' lang='lat' dir='ltr'><strong>sermonem,</strong></span> <span class='ocrx_word' id='word_1_100' title='bbox 1052 1797 1090 1839; x_wconf 92' lang='lat' dir='ltr'><strong>ne</strong></span> <span class='ocrx_word' id='word_1_101' title='bbox 1117 1787 1222 1840; x_wconf 80' lang='lat' dir='ltr'><strong>vester</strong></span> 
     </span>
    </p>

    <p class='ocr_par' dir='ltr' id='par_1_5' title="bbox 162 1868 1305 2305">
     <span class='ocr_line' id='line_1_17' title="bbox 162 1868 1220 1949; baseline 0.002 -22"><span class='ocrx_word' id='word_1_102' title='bbox 162 1887 188 1928; x_wconf 77' lang='grc' dir='ltr'><strong>ιε</strong></span> <span class='ocrx_word' id='word_1_103' title='bbox 202 1872 325 1933; x_wconf 78' lang='lat' dir='ltr'><strong>affectus</strong></span> <span class='ocrx_word' id='word_1_104' title='bbox 354 1870 501 1949; x_wconf 89' lang='lat' dir='ltr'><strong>quandam</strong></span> <span class='ocrx_word' id='word_1_105' title='bbox 527 1871 599 1930; x_wconf 85' lang='lat' dir='ltr'><strong>vitio</strong></span> <span class='ocrx_word' id='word_1_106' title='bbox 628 1887 694 1930; x_wconf 91' lang='lat' dir='ltr'><strong>meo</strong></span> <span class='ocrx_word' id='word_1_107' title='bbox 724 1869 847 1930; x_wconf 92' lang='lat' dir='ltr'><strong>duceret</strong></span> <span class='ocrx_word' id='word_1_108' title='bbox 873 1877 907 1930; x_wconf 93' lang='lat' dir='ltr'><strong>ut</strong></span> <span class='ocrx_word' id='word_1_109' title='bbox 935 1869 1050 1949; x_wconf 82' lang='lat' dir='ltr'><strong>gladius</strong></span> <span class='ocrx_word' id='word_1_110' title='bbox 1072 1868 1220 1948; x_wconf 91' lang='lat' dir='ltr'><strong>inpolitus</strong></span> 
     </span>
     <span class='ocr_line' id='line_1_18' title="bbox 203 1956 1305 2036; baseline -0.003 -14"><span class='ocrx_word' id='word_1_111' title='bbox 203 1961 239 2022; x_wconf 89' lang='lat' dir='ltr'><strong>de</strong></span> <span class='ocrx_word' id='word_1_112' title='bbox 270 1977 360 2021; x_wconf 92' lang='lat' dir='ltr'><strong>curae</strong></span> <span class='ocrx_word' id='word_1_113' title='bbox 383 1960 504 2019; x_wconf 90' lang='lat' dir='ltr'><strong>raritate</strong></span> <span class='ocrx_word' id='word_1_114' title='bbox 532 1957 707 2036; x_wconf 80' lang='lat' dir='ltr'><strong>robiginem.</strong></span> <span class='ocrx_word' id='word_1_115' title='bbox 752 1958 831 2019; x_wconf 90' lang='lat' dir='ltr'><strong>unde</strong></span> <span class='ocrx_word' id='word_1_116' title='bbox 861 1961 955 2020; x_wconf 91' lang='lat' dir='ltr'><strong>misso</strong></span> <span class='ocrx_word' id='word_1_117' title='bbox 982 1960 1015 2020; x_wconf 93' lang='lat' dir='ltr'><strong>in</strong></span> <span class='ocrx_word' id='word_1_118' title='bbox 1036 1958 1094 2018; x_wconf 92' lang='lat' dir='ltr'><strong>hoc</strong></span> <span class='ocrx_word' id='word_1_119' title='bbox 1119 1956 1219 2019; x_wconf 91' lang='lat' dir='ltr'><strong>solum</strong></span> <span class='ocrx_word' id='word_1_120' title='bbox 1303 1981 1305 2032; x_wconf 63' lang='lat' dir='ltr'><strong>i</strong></span> 
     </span>
     <span class='ocr_line' id='line_1_19' title="bbox 201 2046 1218 2128; baseline -0.002 -18"><span class='ocrx_word' id='word_1_121' title='bbox 201 2050 315 2128; x_wconf 79' lang='lat' dir='ltr'><strong>negotii</strong></span> <span class='ocrx_word' id='word_1_122' title='bbox 337 2046 440 2126; x_wconf 82' lang='lat' dir='ltr'><strong>gerulo</strong></span> <span class='ocrx_word' id='word_1_123' title='bbox 462 2046 638 2128; x_wconf 89' lang='lat' dir='ltr'><strong>litterarum,</strong></span> <span class='ocrx_word' id='word_1_124' title='bbox 661 2065 750 2126; x_wconf 89' lang='lat' dir='ltr'><strong>quam</strong></span> <span class='ocrx_word' id='word_1_125' title='bbox 772 2047 856 2108; x_wconf 87' lang='lat' dir='ltr'><strong>vobis</strong></span> <span class='ocrx_word' id='word_1_126' title='bbox 875 2050 914 2109; x_wconf 91' lang='lat' dir='ltr'><strong>sit</strong></span> <span class='ocrx_word' id='word_1_127' title='bbox 932 2046 1101 2128; x_wconf 79' lang='lat' dir='ltr'><strong>corpusculi</strong></span> <span class='ocrx_word' id='word_1_128' title='bbox 1120 2055 1218 2108; x_wconf 87' lang='lat' dir='ltr'><strong>status</strong></span> 
     </span>
     <span class='ocr_line' id='line_1_20' title="bbox 202 2135 1217 2218; baseline -0.001 -20"><span class='ocrx_word' id='word_1_129' title='bbox 202 2141 235 2198; x_wconf 93' lang='lat' dir='ltr'><strong>in</strong></span> <span class='ocrx_word' id='word_1_130' title='bbox 257 2136 351 2197; x_wconf 92' lang='lat' dir='ltr'><strong>solido</strong></span> <span class='ocrx_word' id='word_1_131' title='bbox 371 2154 495 2215; x_wconf 87' lang='lat' dir='ltr'><strong>quamve</strong></span> <span class='ocrx_word' id='word_1_132' title='bbox 514 2138 661 2196; x_wconf 82' lang='lat' dir='ltr'><strong>exanimi</strong></span> <span class='ocrx_word' id='word_1_133' title='bbox 680 2139 827 2198; x_wconf 90' lang='lat' dir='ltr'><strong>sententia</strong></span> <span class='ocrx_word' id='word_1_134' title='bbox 846 2155 895 2198; x_wconf 93' lang='lat' dir='ltr'><strong>res</strong></span> <span class='ocrx_word' id='word_1_135' title='bbox 913 2144 1046 2218; x_wconf 82' lang='lat' dir='ltr'><strong>agantur,</strong></span> <span class='ocrx_word' id='word_1_136' title='bbox 1069 2135 1217 2197; x_wconf 90' lang='lat' dir='ltr'><strong>sollicitus</strong></span> 
     </span>
     <span class='ocr_line' id='line_1_21' title="bbox 203 2223 1219 2305; baseline -0.003 -18"><span class='ocrx_word' id='word_1_137' title='bbox 203 2227 332 2305; x_wconf 85' lang='lat' dir='ltr'><strong>inquiro,</strong></span> <span class='ocrx_word' id='word_1_138' title='bbox 355 2242 488 2304; x_wconf 90' lang='lat' dir='ltr'><strong>sperans,</strong></span> <span class='ocrx_word' id='word_1_139' title='bbox 510 2242 548 2285; x_wconf 92' lang='lat' dir='ltr'><strong>ne</strong></span> <span class='ocrx_word' id='word_1_140' title='bbox 572 2224 664 2285; x_wconf 89' lang='lat' dir='ltr'><strong>semel</strong></span> <span class='ocrx_word' id='word_1_141' title='bbox 686 2225 762 2286; x_wconf 91' lang='lat' dir='ltr'><strong>mibi</strong></span> <span class='ocrx_word' id='word_1_142' title='bbox 784 2243 866 2286; x_wconf 90' lang='lat' dir='ltr'><strong>amor</strong></span> <span class='ocrx_word' id='word_1_143' title='bbox 890 2233 987 2286; x_wconf 91' lang='lat' dir='ltr'><strong>vester</strong></span> <span class='ocrx_word' id='word_1_144' title='bbox 1009 2223 1142 2285; x_wconf 78' lang='lat' dir='ltr'><strong>indrdtus</strong></span> <span class='ocrx_word' id='word_1_145' title='bbox 1166 2233 1219 2286; x_wconf 92' lang='lat' dir='ltr'><strong>aut</strong></span> 
     </span>
    </p>

    <p class='ocr_par' dir='ltr' id='par_1_6' title="bbox 163 2312 1303 2749">
     <span class='ocr_line' id='line_1_22' title="bbox 163 2312 1218 2392; baseline 0.005 -23"><span class='ocrx_word' id='word_1_146' title='bbox 163 2330 190 2370; x_wconf 74' lang='lat' dir='ltr'><strong>sc</strong></span> <span class='ocrx_word' id='word_1_147' title='bbox 203 2315 353 2374; x_wconf 91' lang='lat' dir='ltr'><strong>interiecti</strong></span> <span class='ocrx_word' id='word_1_148' title='bbox 376 2315 493 2374; x_wconf 88' lang='lat' dir='ltr'><strong>itineris</strong></span> <span class='ocrx_word' id='word_1_149' title='bbox 516 2312 700 2392; x_wconf 79' lang='lat' dir='ltr'><strong>longitudine</strong></span> <span class='ocrx_word' id='word_1_150' title='bbox 723 2320 775 2375; x_wconf 85' lang='lat' dir='ltr'><strong>ant</strong></span> <span class='ocrx_word' id='word_1_151' title='bbox 796 2313 947 2375; x_wconf 87' lang='lat' dir='ltr'><strong>absentiae</strong></span> <span class='ocrx_word' id='word_1_152' title='bbox 966 2315 1131 2375; x_wconf 91' lang='lat' dir='ltr'><strong>communis</strong></span> <span class='ocrx_word' id='word_1_153' title='bbox 1150 2313 1218 2374; x_wconf 93' lang='lat' dir='ltr'><strong>diu-</strong></span> 
     </span>
     <span class='ocr_line' id='line_1_23' title="bbox 202 2402 1218 2483; baseline -0.003 -19"><span class='ocrx_word' id='word_1_154' title='bbox 202 2403 346 2464; x_wconf 90' lang='lat' dir='ltr'><strong>turnitate</strong></span> <span class='ocrx_word' id='word_1_155' title='bbox 378 2409 531 2483; x_wconf 84' lang='lat' dir='ltr'><strong>tenuetur,</strong></span> <span class='ocrx_word' id='word_1_156' title='bbox 564 2405 632 2482; x_wconf 90' lang='lat' dir='ltr'><strong>quia</strong></span> <span class='ocrx_word' id='word_1_157' title='bbox 662 2402 780 2464; x_wconf 90' lang='lat' dir='ltr'><strong>bonitas</strong></span> <span class='ocrx_word' id='word_1_158' title='bbox 812 2403 973 2464; x_wconf 88' lang='lat' dir='ltr'><strong>conditoris</strong></span> <span class='ocrx_word' id='word_1_159' title='bbox 1002 2402 1218 2463; x_wconf 89' lang='lat' dir='ltr'><strong>habitationem</strong></span> 
     </span>
     <span class='ocr_line' id='line_1_24' title="bbox 202 2491 1303 2572; baseline -0.001 -20"><span class='ocrx_word' id='word_1_160' title='bbox 202 2493 303 2572; x_wconf 90' lang='lat' dir='ltr'><strong>potins</strong></span> <span class='ocrx_word' id='word_1_161' title='bbox 320 2491 474 2552; x_wconf 92' lang='lat' dir='ltr'><strong>bominum</strong></span> <span class='ocrx_word' id='word_1_162' title='bbox 498 2509 586 2571; x_wconf 89' lang='lat' dir='ltr'><strong>quam</strong></span> <span class='ocrx_word' id='word_1_163' title='bbox 605 2494 758 2554; x_wconf 90' lang='lat' dir='ltr'><strong>caritatem</strong></span> <span class='ocrx_word' id='word_1_164' title='bbox 776 2491 915 2553; x_wconf 85' lang='lat' dir='ltr'><strong>finalibus</strong></span> <span class='ocrx_word' id='word_1_165' title='bbox 933 2491 1043 2553; x_wconf 92' lang='lat' dir='ltr'><strong>claudit</strong></span> <span class='ocrx_word' id='word_1_166' title='bbox 1061 2493 1216 2570; x_wconf 85' lang='lat' dir='ltr'><strong>angustiis.</strong></span> <span class='ocrx_word' id='word_1_167' title='bbox 1302 2515 1303 2522; x_wconf 49' lang='lat'>¹</span> 
     </span>
     <span class='ocr_line' id='line_1_25' title="bbox 203 2580 1217 2661; baseline -0.002 -19"><span class='ocrx_word' id='word_1_168' title='bbox 203 2580 233 2642; x_wconf 80' lang='lat'><strong>2.</strong></span> <span class='ocrx_word' id='word_1_169' title='bbox 257 2586 359 2661; x_wconf 84' lang='lat' dir='ltr'><strong>restat,</strong></span> <span class='ocrx_word' id='word_1_170' title='bbox 381 2585 415 2640; x_wconf 91' lang='lat' dir='ltr'><strong>ut</strong></span> <span class='ocrx_word' id='word_1_171' title='bbox 436 2587 535 2642; x_wconf 89' lang='lat' dir='ltr'><strong>vestra</strong></span> <span class='ocrx_word' id='word_1_172' title='bbox 556 2580 708 2642; x_wconf 87' lang='lat' dir='ltr'><strong>beatitudo</strong></span> <span class='ocrx_word' id='word_1_173' title='bbox 732 2583 939 2661; x_wconf 90' lang='lat' dir='ltr'><strong>conpunctorii</strong></span> <span class='ocrx_word' id='word_1_174' title='bbox 962 2580 1133 2641; x_wconf 90' lang='lat' dir='ltr'><strong>salubritate</strong></span> <span class='ocrx_word' id='word_1_175' title='bbox 1152 2598 1217 2640; x_wconf 91' lang='lat' dir='ltr'><strong>ser-</strong></span> 
     </span>
     <span class='ocr_line' id='line_1_26' title="bbox 204 2669 1216 2749; baseline -0.002 -19"><span class='ocrx_word' id='word_1_176' title='bbox 204 2671 301 2730; x_wconf 89' lang='lat' dir='ltr'><strong>monis</strong></span> <span class='ocrx_word' id='word_1_177' title='bbox 320 2669 435 2730; x_wconf 89' lang='lat' dir='ltr'><strong>avidam</strong></span> <span class='ocrx_word' id='word_1_178' title='bbox 452 2676 571 2729; x_wconf 90' lang='lat' dir='ltr'><strong>nostrae</strong></span> <span class='ocrx_word' id='word_1_179' title='bbox 591 2672 773 2748; x_wconf 83' lang='lat' dir='ltr'><strong>ignorantiae</strong></span> <span class='ocrx_word' id='word_1_180' title='bbox 793 2677 894 2749; x_wconf 90' lang='lat' dir='ltr'><strong>pascat</strong></span> <span class='ocrx_word' id='word_1_181' title='bbox 908 2671 1046 2730; x_wconf 91' lang='lat' dir='ltr'><strong>esuriem.</strong></span> <span class='ocrx_word' id='word_1_182' title='bbox 1070 2675 1116 2730; x_wconf 90' lang='lat' dir='ltr'><strong>est</strong></span> <span class='ocrx_word' id='word_1_183' title='bbox 1135 2671 1216 2729; x_wconf 89' lang='lat' dir='ltr'><strong>enim</strong></span> 
     </span>
    </p>

    <p class='ocr_par' dir='ltr' id='par_1_7' title="bbox 165 2757 1218 3016">
     <span class='ocr_line' id='line_1_27' title="bbox 165 2757 1216 2839; baseline 0.002 -23"><span class='ocrx_word' id='word_1_184' title='bbox 165 2775 191 2816; x_wconf 79' lang='lat' dir='ltr'><strong>es</strong></span> <span class='ocrx_word' id='word_1_185' title='bbox 205 2759 260 2820; x_wconf 94' lang='lat' dir='ltr'><strong>tibi</strong></span> <span class='ocrx_word' id='word_1_186' title='bbox 283 2760 372 2819; x_wconf 91' lang='lat' dir='ltr'><strong>nimis</strong></span> <span class='ocrx_word' id='word_1_187' title='bbox 395 2761 473 2839; x_wconf 86' lang='lat' dir='ltr'><strong>usui,</strong></span> <span class='ocrx_word' id='word_1_188' title='bbox 495 2765 529 2818; x_wconf 90' lang='lat' dir='ltr'><strong>ut</strong></span> <span class='ocrx_word' id='word_1_189' title='bbox 552 2757 806 2819; x_wconf 86' lang='lat' dir='ltr'><strong>exhortationibus</strong></span> <span class='ocrx_word' id='word_1_190' title='bbox 828 2761 888 2819; x_wconf 90' lang='lat' dir='ltr'><strong>tuis</strong></span> <span class='ocrx_word' id='word_1_191' title='bbox 911 2759 1064 2819; x_wconf 89' lang='lat' dir='ltr'><strong>interioris</strong></span> <span class='ocrx_word' id='word_1_192' title='bbox 1086 2757 1216 2818; x_wconf 91' lang='lat' dir='ltr'><strong>hominis</strong></span> 
     </span>
     <span class='ocr_line' id='line_1_28' title="bbox 204 2845 1218 2927; baseline 0 -19"><span class='ocrx_word' id='word_1_193' title='bbox 204 2849 330 2908; x_wconf 91' lang='lat' dir='ltr'><strong>maciem</strong></span> <span class='ocrx_word' id='word_1_194' title='bbox 358 2865 571 2926; x_wconf 88' lang='lat' dir='ltr'><strong>saepenumero</strong></span> <span class='ocrx_word' id='word_1_195' title='bbox 599 2848 742 2926; x_wconf 79' lang='lat' dir='ltr'><strong>mysticus</strong></span> <span class='ocrx_word' id='word_1_196' title='bbox 770 2847 859 2926; x_wconf 90' lang='lat' dir='ltr'><strong>adeps</strong></span> <span class='ocrx_word' id='word_1_197' title='bbox 887 2856 918 2908; x_wconf 92' lang='lat' dir='ltr'><strong>et</strong></span> <span class='ocrx_word' id='word_1_198' title='bbox 945 2845 1088 2927; x_wconf 90' lang='lat' dir='ltr'><strong>spiritalis</strong></span> <span class='ocrx_word' id='word_1_199' title='bbox 1116 2848 1218 2908; x_wconf 87' lang='lat' dir='ltr'><strong>arvina</strong></span> 
     </span>
     <span class='ocr_line' id='line_1_29' title="bbox 205 2935 1126 3016; baseline -0.001 -20"><span class='ocrx_word' id='word_1_200' title='bbox 205 2936 362 2996; x_wconf 88' lang='lat' dir='ltr'><strong>distendat.</strong></span> <span class='ocrx_word' id='word_1_201' title='bbox 398 2953 513 2996; x_wconf 93' lang='lat' dir='ltr'><strong>memor</strong></span> <span class='ocrx_word' id='word_1_202' title='bbox 535 2938 632 2997; x_wconf 90' lang='lat' dir='ltr'><strong>nostri</strong></span> <span class='ocrx_word' id='word_1_203' title='bbox 655 2954 722 2996; x_wconf 92' lang='lat' dir='ltr'><strong>esse</strong></span> <span class='ocrx_word' id='word_1_204' title='bbox 745 2935 879 3016; x_wconf 84' lang='lat' dir='ltr'><strong>dignare,</strong></span> <span class='ocrx_word' id='word_1_205' title='bbox 902 2936 1020 2996; x_wconf 92' lang='lat' dir='ltr'><strong>domine</strong></span> <span class='ocrx_word' id='word_1_206' title='bbox 1043 2953 1126 3014; x_wconf 91' lang='lat' dir='ltr'><strong>papa.</strong></span> 
     </span>
    </p>
   </div>
   <div class='ocr_carea' id='block_1_5' title="bbox 205 3122 1301 3337">
    <p class='ocr_par' dir='ltr' id='par_1_8' title="bbox 205 3122 1301 3337">
     <span class='ocr_line' id='line_1_30' title="bbox 277 3122 1217 3194; baseline 0.004 -18"><span class='ocrx_word' id='word_1_207' title='bbox 277 3128 294 3176; x_wconf 77' lang='lat'>4</span> <span class='ocrx_word' id='word_1_208' title='bbox 312 3122 482 3179; x_wconf 83' lang='lat' dir='ltr'><strong>necessitate</strong></span> <span class='ocrx_word' id='word_1_209' title='bbox 496 3125 531 3192; x_wconf 80' lang='lat' dir='ltr'><strong>L,</strong></span> <span class='ocrx_word' id='word_1_210' title='bbox 550 3123 749 3179; x_wconf 84' lang='lat' dir='ltr'><strong>necessitatem</strong></span> <span class='ocrx_word' id='word_1_211' title='bbox 769 3122 836 3177; x_wconf 90' lang='lat' dir='ltr'><strong>VM</strong></span> <span class='ocrx_word' id='word_1_212' title='bbox 840 3123 891 3178; x_wconf 83' lang='lat' dir='ltr'><strong>OT</strong></span> <span class='ocrx_word' id='word_1_213' title='bbox 905 3124 909 3194; x_wconf 90' lang='grc' dir='ltr'>Ι</span> <span class='ocrx_word' id='word_1_214' title='bbox 925 3124 955 3178; x_wconf 91' lang='lat' dir='ltr'><strong>in</strong></span> <span class='ocrx_word' id='word_1_215' title='bbox 968 3141 1018 3179; x_wconf 84' lang='lat' dir='ltr'><strong>om.</strong></span> <span class='ocrx_word' id='word_1_216' title='bbox 1034 3123 1069 3192; x_wconf 87' lang='lat' dir='ltr'><strong>L,</strong></span> <span class='ocrx_word' id='word_1_217' title='bbox 1083 3140 1103 3178; x_wconf 86' lang='lat' dir='ltr'><strong>s.</strong></span> <span class='ocrx_word' id='word_1_218' title='bbox 1119 3125 1135 3179; x_wconf 82' lang='lat' dir='ltr'><strong>i.</strong></span> <span class='ocrx_word' id='word_1_219' title='bbox 1151 3126 1217 3180; x_wconf 83' lang='lat' dir='ltr'><strong>odd.</strong></span> 
     </span>
     <span class='ocr_line' id='line_1_31' title="bbox 210 3194 1301 3267; baseline 0.002 -17"><span class='ocrx_word' id='word_1_220' title='bbox 210 3194 287 3250; x_wconf 80' lang='lat' dir='ltr'><strong>V¹0¹</strong></span> <span class='ocrx_word' id='word_1_221' title='bbox 309 3199 318 3266; x_wconf 83' lang='grc' dir='ltr'><strong>ΙΙ</strong></span> <span class='ocrx_word' id='word_1_222' title='bbox 342 3200 374 3250; x_wconf 77' lang='lat'><strong>12</strong></span> <span class='ocrx_word' id='word_1_223' title='bbox 395 3213 460 3249; x_wconf 82' lang='lat' dir='ltr'><strong>suas</strong></span> <span class='ocrx_word' id='word_1_224' title='bbox 479 3196 559 3250; x_wconf 85' lang='lat' dir='ltr'><strong>sedes</strong></span> <span class='ocrx_word' id='word_1_225' title='bbox 580 3194 604 3250; x_wconf 84' lang='lat'><em>0</em></span> <span class='ocrx_word' id='word_1_226' title='bbox 623 3197 633 3267; x_wconf 80' lang='grc' dir='ltr'><strong>ΙΙ</strong></span> <span class='ocrx_word' id='word_1_227' title='bbox 656 3201 690 3249; x_wconf 88' lang='grc'><strong>14</strong></span> <span class='ocrx_word' id='word_1_228' title='bbox 708 3213 747 3250; x_wconf 78' lang='lat' dir='ltr'><strong>ae</strong></span> <span class='ocrx_word' id='word_1_229' title='bbox 765 3195 937 3249; x_wconf 83' lang='lat' dir='ltr'><strong>officiosum?</strong></span> <span class='ocrx_word' id='word_1_230' title='bbox 960 3195 1153 3266; x_wconf 75' lang='lat' dir='ltr'><strong>Iacetjcbarm5</strong></span> <span class='ocrx_word' id='word_1_231' title='bbox 1172 3199 1219 3252; x_wconf 86' lang='lat' dir='ltr'><strong>sed</strong></span> <span class='ocrx_word' id='word_1_232' title='bbox 1300 3209 1301 3264; x_wconf 71' lang='lat' dir='ltr'><strong>t</strong></span> 
     </span>
     <span class='ocr_line' id='line_1_32' title="bbox 205 3265 1301 3337; baseline 0.001 -16"><span class='ocrx_word' id='word_1_233' title='bbox 205 3267 240 3334; x_wconf 80' lang='lat' dir='ltr'><strong>cf.</strong></span> <span class='ocrx_word' id='word_1_234' title='bbox 259 3284 299 3336; x_wconf 80' lang='lat' dir='ltr'><strong>ep.</strong></span> <span class='ocrx_word' id='word_1_235' title='bbox 319 3267 353 3335; x_wconf 90' lang='lat' dir='ltr'><strong>V,</strong></span> <span class='ocrx_word' id='word_1_236' title='bbox 366 3273 442 3335; x_wconf 86' lang='lat'><strong><em>15,1</em></strong></span> <span class='ocrx_word' id='word_1_237' title='bbox 461 3265 548 3321; x_wconf 87' lang='lat' dir='ltr'><strong>officii</strong></span> <span class='ocrx_word' id='word_1_238' title='bbox 567 3283 695 3321; x_wconf 83' lang='lat' dir='ltr'><strong>sermone</strong></span> <span class='ocrx_word' id='word_1_239' title='bbox 713 3266 842 3336; x_wconf 80' lang='lat' dir='ltr'><strong>praefato</strong></span> <span class='ocrx_word' id='word_1_240' title='bbox 857 3270 867 3337; x_wconf 89' lang='grc' dir='ltr'><strong>ΙΙ</strong></span> <span class='ocrx_word' id='word_1_241' title='bbox 1300 3269 1301 3332; x_wconf 69' lang='lat' dir='ltr'><strong>i</strong></span> 
     </span>
    </p>
   </div>
   <div class='ocr_carea' id='block_1_6' title="bbox 0 0 1334 4030">
    <p class='ocr_par' dir='ltr' id='par_1_9' title="bbox 0 0 1334 4030">
     <span class='ocr_line' id='line_1_33' title="bbox 0 0 1334 4030; baseline 0 1"><span class='ocrx_word' id='word_1_242' title='bbox 0 0 1334 4030; x_wconf 95' lang='lat' dir='ltr'><strong> </strong></span> 
     </span>
    </p>
   </div>
  </div>
 </body>
</html>
