2628 4034
500 224 653 280 CARMEN
671 227 745 283 XIV.

277 380 427 436 sextantes
450 374 522 454 legit
544 376 706 454 unciasque
730 376 804 456 fisci,

278 463 468 542 Marsyaeque
492 466 577 524 timet
599 481 719 524 manum
743 483 776 524 ac
799 464 965 546 rudentem,

277 555 329 631 qui
352 552 465 613 Phoebi
487 571 523 613 ex
548 552 615 612 odio
638 555 801 614 vetustiore

224 653 258 702 40
277 660 356 702 nunc
381 641 540 721 suspendia
562 641 678 702 vatibus
701 644 839 703 minatur.

581 868 669 935 XIV.

304 988 471 1046 SIDONIUS
490 990 651 1046 POLEMIO
671 990 740 1046 SUO
761 991 939 1048 SALUTEM.

185 1099 212 1164 1.
236 1103 312 1164 Dum
344 1112 412 1184 post
440 1105 655 1184 prosectionem
687 1112 782 1187 tuam,
815 1107 856 1167 mi
882 1105 1008 1186 Polemi,
1040 1106 1133 1166 frater

115 1195 333 1274 amantissime,
360 1211 477 1254 mecum
505 1194 663 1273 granditer·
683 1201 802 1276 reputo,
830 1196 969 1273 quatinus
996 1197 1029 1255 in
1056 1197 1131 1255 votis

117 1284 177 1343 tuis
195 1281 364 1361 philosophi
380 1281 565 1343 Fescennina
584 1290 743 1364 cantarem,
767 1284 900 1363 obrepsit
918 1287 1050 1365 materia,
1074 1302 1131 1362 qua

116 1371 242 1431 decursa
274 1371 360 1432 facile
394 1371 510 1432 dinosci
544 1371 621 1432 valet
652 1375 746 1450 magis
778 1392 825 1433 me
858 1373 1010 1434 doctrinae
1043 1391 1131 1452 quam
1159 1391 1172 1431 5

116 1478 222 1521 causae
245 1467 313 1520 tuae
337 1459 476 1521 habuisse
500 1463 653 1521 rationem.
697 1464 804 1522 omissa
828 1464 927 1541 itaque
951 1461 1132 1541 epithalamii

115 1548 316 1610 teneritudine
338 1567 392 1629 per
412 1551 590 1628 asperrimas
609 1549 811 1630 philosophiae
831 1558 861 1611 et
880 1550 1131 1612 salebrosissimas

117 1637 234 1717 regulas
258 1639 359 1699 stilum
382 1641 472 1720 traxi3
501 1657 625 1717 quarum
649 1639 717 1700 talis
745 1640 817 1700 ordo
841 1647 900 1720 est,
923 1647 956 1700 ut
979 1643 1043 1700 sine
1067 1639 1131 1720 plu-

116 1729 202 1787 rimis
220 1729 304 1787 novis
323 1727 432 1808 verbiS,
456 1746 530 1807 quae
549 1729 680 1807 praelata
698 1747 770 1807 paee
789 1729 973 1808 reliquorum
992 1728 1131 1808 eloquen-

117 1823 181 1877 tum
205 1816 373 1895 specialiter
396 1816 451 1877 tibi
470 1825 499 1878 et
518 1817 747 1897 Complatonicis
766 1820 826 1878 tuis
844 1824 915 1878 nota
935 1825 1013 1899 sunt,
1034 1837 1130 1897 nugae
1147 1839 1172 1878 ro

116 1907 197 1984 ipsae
230 1923 290 1965 non
323 1905 469 1966 valuerint
502 1907 644 1985 expediri.
700 1905 729 1967 2.
752 1907 878 1987 videris,
910 1913 1010 1968 utrum
1044 1925 1130 1967 aures

118 1992 304 2073 quorundam
323 2012 377 2073 per
396 1995 576 2074 imperitiam
595 2003 715 2056 tenerae
734 1998 916 2057 mentionem
935 1997 1040 2077 centri,
1062 2012 1131 2074 pro-

117 2085 271 2162 portioniS,
294 2083 510 2164 diastematum,
533 2083 683 2146 climatum
707 2085 753 2146 vel
773 2103 923 2164 myrarum
943 2083 1131 2164 epithalamio

118 2170 335 2233 conducibilem
357 2189 418 2230 non
440 2178 553 2251 putent.
599 2173 672 2235 illud
697 2181 776 2235 certe
801 2173 950 2236 consulari
975 2177 1038 2234 viro
1061 2192 1130 2234 rere

116 2261 230 2342 Magno,
254 2263 422 2339 quaestorio
441 2263 505 2321 viro
523 2261 678 2345 Domnulo,
701 2263 856 2342 spectabili
878 2266 941 2324 viro
960 2263 1059 2324 Leone
1078 2263 1131 2322 du·
1146 2281 1172 2322 15

119 2349 202 2410 cibus
226 2349 366 2410 audacter
389 2349 513 2430 affirmo,
536 2353 680 2411 musicam
699 2360 730 2413 et
747 2352 944 2434 astrologiam,
968 2357 1131 2432 quaesunt

118 2440 193 2499 infra
235 2438 450 2498 arithmeticam
493 2443 705 2518 consequentia
745 2440 878 2502 membra
918 2441 1131 2522 philosophiae,

118 2526 284 2588 nullatenus
312 2545 400 2606 pesse
429 2530 493 2588 siue
517 2527 599 2588 hisce
630 2528 801 2589 nominibus
828 2529 967 2611 indicari3
1001 2549 1075 2609 quae
1105 2531 1131 2590 si

48 2637 51 2642 ·
118 2618 264 2696 quispiam
286 2622 320 2676 ut
343 2615 464 2698 Graeca,
492 2619 570 2678 sicut
592 2623 674 2698 sunt,
703 2624 732 2678 et
759 2621 917 2697 peregrina
943 2617 1033 2679 verba
1060 2636 1130 2679 con·

118 2708 281 2787 tempserit,
304 2707 420 2765 neverit
448 2705 506 2766 sibi
530 2713 581 2767 aut
609 2725 699 2785 super
721 2707 928 2767 huiuscemodi
952 2710 1024 2767 artis
1046 2725 1130 2768 men·
1145 2727 1171 2766 ao

117 2797 196 2855 tione
221 2793 475 2872 supersedendum
504 2802 554 2856 aut
580 2794 799 2856 nihilomnino
824 2814 855 2856 se
884 2802 934 2856 aut
962 2802 1042 2857 certe
1069 2814 1130 2857 non

118 2883 152 2944 ad
176 2901 273 2944 assem
296 2881 407 2943 Latiari
429 2882 528 2962 lingua
551 2884 621 2944 hinc
639 2903 727 2963 posse
752 2885 909 2946 disserere.
948 2881 976 2945 3.
1001 2884 1080 2964 quod
1104 2886 1130 2945 si

5 2967 9 3000 ¹*
117 2973 222 3052 aliquis
247 2990 333 3032 secus
361 2978 448 3051 atque
477 2991 577 3034 assero
605 2991 670 3033 rem
698 2992 729 3034 se
756 2973 866 3035 habere
895 2975 1059 3054 censuerit,
1092 2973 1129 3033 do

5 3127 6 3138 ,
118 3062 236 3141 quidem
260 3060 367 3121 absens
395 3060 644 3123 obtrectatoribus
672 3081 789 3144 manus3
818 3063 870 3123 sed
897 3064 1035 3122 noverint
1062 3081 1129 3122 sen-

187 3231 254 3287 XlV
271 3237 287 3285 2
307 3249 353 3285 um
373 3232 459 3302 Pur,
483 3249 546 3286 cum
566 3232 609 3287 Tb
626 3236 636 3302 tt
654 3239 671 3287 4
693 3233 860 3303 philosophe
884 3235 1044 3301 Buecheler,
1071 3232 1129 3287 tuis

117 3307 200 3361 deteri
221 3305 281 3360 uult
304 3303 486 3359 thamowr'te
512 3307 522 3375 l
549 3309 565 3358 5
584 3303 692 3358 valeret
712 3305 735 3360 0
759 3307 767 3376 l
795 3303 959 3374 eregiones
982 3305 1130 3360 Buecheler

117 3381 125 3448 tt
152 3382 184 3430 12
203 3378 317 3430 tenerae
340 3392 404 3445 epo;
426 3377 530 3428 temere
553 3376 629 3431 codd.
650 3375 840 3446 (Isuetjohuuu
858 3378 963 3431 temere
987 3377 1129 3432 delendum

117 3451 212 3516 ceuset)
234 3449 244 3514 ΙΙ
266 3451 299 3500 14
318 3448 393 3499 certe
412 3448 444 3500 tu
461 3447 516 3514 fiue
533 3464 625 3502 uersus
643 3465 693 3503 om.
710 3447 757 3519 01]
777 3453 809 3502 19
829 3447 903 3502 sicut
921 3448 986 3500 sunt
1004 3449 1033 3501 et
1050 3463 1129 3516 pere·

117 3517 197 3590 grina
214 3519 311 3641 outpp;
330 3517 403 3571 sicut
417 3518 446 3571 et
460 3520 527 3572 sunt
539 3537 566 3588 p.
582 3520 659 3574 codd.
674 3523 683 3588 ΙΙ
697 3525 731 3573 20
746 3519 842 3591 super]
858 3535 968 3589 semper
981 3520 1130 3575 Buecheler

116 3593 125 3662 lt
142 3597 174 3644 22
193 3587 285 3643 latia'
306 3589 350 3659 ΤΙ
366 3587 413 3642 hic
433 3589 475 3660 011
