2628 4034
171 169 237 234 282
563 169 715 225 GARMEN
732 169 791 225 vu.

261 318 386 380 rictibus
410 325 497 398 atque
522 337 605 380 escas
629 321 728 379 ieiuna
751 320 835 380 ianoe
859 325 1011 396 parantem

190 421 241 470 180
260 407 327 486 plus
351 407 455 468 catulis
479 409 582 468 stravit
606 402 738 491 (inerant
761 426 828 467 nam
852 408 996 486 fragmina
1018 403 1162 492 propter)

260 504 377 575 arrepta
399 496 435 557 de
459 503 543 557 caute
567 496 682 576 lupam,
705 497 875 576 fractusque
898 495 1004 556 molari

259 585 388 646 dissiluit
406 593 508 645 vertex
532 593 562 645 et
585 604 688 646 saxum
710 585 832 646 vulnere
857 584 941 645 sedit.

259 677 302 734 sic
325 693 409 735 meus
432 673 563 755 Alcides,
588 674 715 734 Nemeae
739 675 810 734 dum
834 673 956 734 saltibus
981 681 1073 755 errat,

258 765 389 823 occurrit
411 772 544 823 monstro
567 781 693 844 vacuus,
717 781 777 823 non
800 762 907 822 robora
929 770 1064 844 portans,

189 864 239 914 185
258 870 318 912 nou
332 852 498 933 pharetras3
513 854 596 912 stetit
610 854 654 912 ira
668 853 799 911 fremens
814 859 900 930 atque
911 851 997 911 hoste
1011 854 1186 933 propinquo

258 940 408 1001 consuluit
431 939 510 1000 solos
533 943 627 1000 virtus
651 941 774 1019 decepta
796 940 931 1000 lacertos,

257 1048 347 1109 parva
370 1029 504 1112 quidem,
528 1029 652 1090 dicenda
674 1036 788 1089 tamen:
812 1032 879 1108 quis
901 1031 1068 1108 promptior
1091 1032 1152 1091 isto

258 1127 342 1179 tensa
365 1121 492 1179 catenati
516 1121 699 1178 summittere
724 1117 798 1178 colla
820 1117 941 1178 Molossi

258 1215 288 1268 et
311 1207 413 1268 lustris
437 1207 580 1268 recubare
603 1208 682 1268 feras
705 1209 868 1286 interprete
891 1225 962 1266 nare

189 1308 239 1358 190
259 1296 375 1356 discere
399 1314 459 1356 non
481 1299 559 1356 visas
583 1303 612 1356 et
635 1299 666 1356 in
689 1315 756 1356 aere
781 1314 924 1374 quaerere
947 1291 1084 1374 plantas?
1291 1291 1292 1298 '

258 1387 316 1445 iam
341 1386 366 1445 si
389 1386 464 1445 lorte
489 1403 573 1445 suem
596 1384 751 1446 latratibus
775 1383 929 1464 improbus
952 1383 1063 1444 Umber

256 1476 378 1555 terruit,
401 1474 533 1534 albentes
556 1477 641 1552 nigro
666 1473 721 1533 sub
744 1481 863 1552 gutture
886 1473 971 1534 lunas

258 1563 394 1641 frangere
417 1562 505 1623 ludus
529 1570 592 1623 orat
616 1562 844 1641 colluctantique
868 1561 978 1622 lacerto

256 1659 337 1712 vasta
358 1670 413 1730 por
436 1651 573 1712 adversas
596 1651 738 1712 venabula
762 1669 867 1729 cogere
890 1651 1022 1729 praedas.

187 1752 236 1801 195
257 1759 343 1820 quam
358 1740 528 1822 pulchrum,
539 1760 607 1801 cum
622 1741 697 1800 forte
712 1740 832 1800 domum
841 1748 909 1819 post
918 1739 1012 1799 lustra
1026 1748 1184 1804 revertens

257 1830 380 1889 horrore
405 1830 574 1908 splenderet
597 1832 661 1908 apri
685 1831 837 1908 virtusque
861 1846 1029 1907 repugnans

255 1919 396 1997 proderet
418 1921 543 1979 invitum
566 1937 620 1996 per
643 1919 731 1978 lortia
754 1919 829 1978 lacta
855 1915 1012 1996 pudorem!

256 2010 299 2067 sio
321 2007 492 2067 Pandioniis
516 2013 612 2066 castae
635 2007 806 2077 Tritonidos
830 2009 907 2067 arvis

255 2095 429 2175 Hippolytus
452 2114 538 2155 roseo
563 2095 669 2156 sudum
693 2095 825 2156 radiabat
848 2095 884 2155 ab
908 2113 973 2175 ore,

189 2198 240 2248 200
260 2185 311 2244 sed
335 2184 436 2264 simul,
460 2203 476 2244 a
499 2187 616 2262 gemino
639 2186 767 2263 flagrans
791 2203 858 2245 cum
882 2184 988 2245 Cressa
1011 2184 1111 2245 furore

255 2274 373 2334 transiit
396 2273 503 2333 affectu
526 2280 636 2333 matres
660 2281 689 2334 et
712 2274 814 2334 iraude
838 2291 989 2334 novercas,

255 2362 326 2441 quid
350 2362 503 2422 volucmm
528 2363 672 2443 studium,
695 2362 745 2422 dat
769 2381 841 2442 quas
865 2370 969 2422 natura
992 2380 1114 2440 rapaces

255 2455 285 2512 in
309 2451 414 2529 vulgus
436 2469 529 2530 prope
554 2447 732 2530 cognatum?
774 2454 840 2530 quis
864 2451 979 2511 doctior
1002 2453 1060 2510 isto

254 2542 384 2600 instituit
407 2542 502 2600 varias
525 2559 579 2618 per
601 2540 702 2602 nubila
726 2543 849 2618 iungere
873 2536 962 2600 lites?

182 2629 323 2691 10001110
346 2630 438 2689 vincit
461 2647 543 2710 aves,
566 2630 715 2708 celerique
738 2647 793 2707 per
816 2630 935 2689 aethera
958 2627 1063 2708 plausu

253 2719 309 2778 hoc
332 2716 407 2778 nulli
429 2718 536 2779 melius
558 2727 705 2797 pugnator
727 2717 835 2779 militat
857 2719 974 2795 unguis,

252 2826 308 2868 neo
331 2810 430 2868 minus
452 2808 526 2867 haec
548 2809 627 2867 inter
650 2807 746 2867 civilia
770 2810 834 2868 iura
859 2814 978 2867 secutus

253 2896 373 2974 eligitur
394 2898 523 2977 primns,
546 2898 674 2977 iuvenis,
698 2895 792 2976 solus,
815 2895 891 2955 mala
913 2895 1023 2956 fractae

253 2984 352 3063 alliget
375 2992 408 3044 ut
431 2987 544 3063 patriae
568 2992 728 3064 poscatque
752 2985 878 3045 informe
901 2984 996 3044 recidi

182 3084 233 3134 210
253 3073 385 3151 vectigal.
431 3090 589 3152 procerum
612 3081 675 3134 tum
699 3074 775 3133 forte
798 3075 949 3153 potentior
971 3072 1045 3154 illie,

235 3249 284 3299 181
305 3247 446 3313 arreptam
456 3245 522 3299 MT
533 3248 542 3312 11
557 3250 607 3300 181
628 3242 791 3298 dissiliiiM
802 3246 812 3314 ΙΙ
826 3249 877 3298 185
892 3243 1011 3297 fremens
1027 3245 1178 3301 Buecheler

164 3315 335 3382 (0011111.
351 3319 417 3384 881,
431 3316 523 3383 3511.)
543 3323 569 3371 01
592 3316 787 3372 Welamowitz:
810 3319 933 3369 tremens
947 3312 1103 3381 Meron,
1125 3333 1176 3385 po-

163 3390 225 3440 tens
245 3386 299 3440 Ma
314 3390 319 3456 1
334 3386 415 3441 hoste
434 3404 483 3443 om.
499 3387 538 3439 M
555 3389 565 3457 ll
589 3392 639 3440 199
658 3403 753 3442 roseus
776 3386 863 3440 udum
882 3387 920 3440 M
938 3389 947 3454 ll
970 3391 1022 3439 200
1042 3385 1126 3439 simul
1145 3387 1176 3459 0]

163 3455 265 3511 simula
286 3457 317 3526 O,
342 3457 428 3512 simili
446 3457 568 3527 MTFl
589 3474 738 3526 congresso
757 3458 798 3522 M,
827 3457 876 3512 sed
896 3457 988 3528 simul,
1016 3473 1042 3526 0,
1061 3457 1176 3526 gemino

163 3527 339 3598 conflagrans
358 3527 399 3582 Cr.
419 3529 438 3583 f.
458 3530 514 3584 Leo
528 3532 537 3599 l
551 3534 602 3583 201
622 3544 759 3583 novercae
781 3529 815 3582 M
829 3533 838 3598 ΙΙ
