2614 4030
188 217 279 272 XXIV
588 214 801 272 PRAEFATIO.

189 367 246 426 hoc
270 364 382 426 leniore
406 367 526 425 nomine
544 385 617 426 usus
637 372 689 426 est.
727 365 895 426 Notandum
913 372 959 426 est
972 365 1217 428 Wouwerenum
1279 367 1280 446 ξ

190 474 227 516 ex
251 450 386 534 ‘optimo'
410 472 463 514 suo
493 454 593 515 codice
621 473 676 534 pro
705 457 894 517 oboedientes
918 463 1109 531 patronoque
1133 473 1214 518 con·
1279 447 1280 542 I

189 548 266 605 tenti
283 541 416 604 attulisse
432 547 554 605 clientes
565 551 697 620 petrono
711 547 852 623 contenti,
877 543 964 624 quod,
987 543 1057 603 licet
1076 546 1212 606 reicien-
1279 567 1280 634 ᾗ

191 633 262 693 dum
295 634 346 712 sit,
382 639 482 692 tamen
518 634 689 692 testimonio
726 639 772 692 est
804 634 892 692 etiam
928 631 1084 693 librarium
1121 632 1209 694 Illius
1279 637 1280 688 t

191 722 302 782 codicis
325 723 357 781 in
380 721 435 781 hoc
458 720 523 781 loco
551 721 718 781 offendisse.
743 755 784 762 -
808 721 853 801 IV,
874 718 963 802 10‚2
986 723 1126 804 libellum,
1151 728 1211 799 qni

187 829 300 889 parurn
333 814 444 872 cultior
476 817 522 872 est
551 828 655 870 verum
688 827 752 869 esse
786 809 916 889 contid03
953 810 1070 871 videtur
1102 818 1208 872 tomen
1279 851 1280 856 κ

191 899 282 960 altera
305 898 392 960 lectio
416 917 477 974 qna
500 898 536 958 nd
560 897 709 977 duplicem
732 900 909 977 scripturam
933 901 1028 978 ipsius
1050 900 1207 980 archetypi

190 977 346 1049 reserenda
370 1003 449 1068 esse3
473 994 553 1048 certe
572 988 651 1066 quod
669 986 695 1046 N
717 987 806 1048 habet
824 991 905 1062 qnia,
930 989 974 1048 sic
992 988 1132 1049 facillime
1153 1008 1207 1050 ex-

190 1077 325 1156 plicatur.
355 1110 396 1117 -
424 1074 465 1136 Ih.
490 1075 631 1136 suadente
659 1074 886 1154 Engelbrechtio
915 1069 947 1159 (l.
971 1076 989 1136 I.
1013 1096 1041 1155 p.
1063 1071 1119 1161 10)
1148 1083 1205 1153 sic,

193 1169 246 1228 nbi
272 1170 407 1227 iocornnt
431 1164 556 1240 fueritis
585 1167 705 1246 scripsi3
733 1183 829 1243 neque
857 1172 955 1226 tamen
984 1185 1030 1226 me
1060 1167 1136 1244 fugit
1165 1186 1204 1228 ne

193 1257 237 1315 sic
268 1254 388 1332 quidem
418 1271 536 1314 omnem
563 1252 765 1314 difficultatem
794 1253 939 1314 sublatam
966 1255 1060 1316 videri
1088 1249 1207 1338 (sicubi

193 1371 234 1392 =
255 1345 435 1418 ubicunqne
458 1343 583 1402 fortasse
601 1342 691 1402 Hilar.
710 1348 746 1402 tr.
767 1361 788 1402 s.
808 1342 910 1421 psalm.
929 1362 957 1422 p.
976 1340 1051 1425 545,
1069 1338 1120 1427 2);
1144 1347 1204 1406 nisi

192 1435 246 1494 ubi
267 1436 402 1494 iocorum
425 1430 504 1490 idem
532 1449 597 1491 esse
626 1431 816 1491 concedimus
844 1432 922 1510 quod
951 1434 1141 1509 ubicumque.
1163 1467 1203 1476 —-

192 1519 242 1601 ΙΙΙ,
262 1517 347 1601 11,2
369 1519 466 1580 tribus
489 1519 563 1580 locis
581 1520 678 1580 iacere
697 1537 757 1580 non
776 1523 859 1598 potui
878 1523 951 1599 quin
970 1539 986 1580 a
1004 1519 1203 1601 Luetjohanni

192 1611 367 1670 recensione
404 1609 576 1669 recederem
616 1616 806 1688 veteremque
847 1615 961 1670 textum
997 1612 1203 1672 restituerem:

193 1716 289 1777 neque
313 1716 381 1758 cnm
404 1697 427 1756 F
450 1702 514 1759 soin
543 1696 755 1758 secludendum
782 1715 878 1776 neque
906 1707 1017 1760 stntnne
1044 1699 1202 1778 legendum

192 1794 264 1867 puto
288 1805 384 1865 neque
408 1805 477 1846 vero
501 1792 569 1864 post
592 1789 728 1848 omnibns
752 1786 883 1847 additum
903 1791 1081 1863 ininnochat
1098 1789 1200 1868 probo.

191 1877 416 1938 demonstratur
446 1877 525 1935 enim
555 1874 691 1952 plurimis
719 1875 875 1956 exemplis,
908 1876 944 1936 de
975 1877 1082 1954 quihus
1110 1897 1201 1938 unum

193 1966 299 2026 aiierre
323 1966 395 2024 sntIs
419 1970 473 2044 est,
497 1981 541 2042 ep.
560 1962 595 2044 u,
614 1960 644 2044 9,
663 1961 683 2024 6
707 1983 779 2026 ecce
801 1973 831 2026 et
854 1967 892 2025 ni
916 1967 1125 2042 nrcirimcpiro
1150 1971 1200 2030 noi·

193 2061 328 2128 centens,
351 2054 507 2132 participio
530 2055 695 2130 praesentis
718 2060 752 2113 ut
775 2053 848 2113 alios
872 2055 1032 2132 scriptores
1056 2056 1097 2116 ita
1116 2055 1200 2116 Sido·

193 2144 277 2202 nium
308 2159 394 2220 saepe
422 2143 462 2200 ita
491 2143 548 2221 uti,
579 2147 613 2200 ut
640 2159 656 2201 a
684 2141 773 2202 verho
802 2143 885 2202 finito
913 2145 961 2202 vix
989 2143 1113 2204 differat.
1161 2144 1200 2206 ut.

132 2271 134 2276 -
193 2233 283 2291 etiam
306 2227 443 2308 Engelhr.
463 2229 481 2288 I.
500 2229 518 2289 l.
537 2249 565 2308 p.
587 2228 613 2290 7.
639 2265 680 2272 -
704 2229 744 2290 Ib.
764 2230 784 2292 3
808 2233 918 2292 mirum
945 2231 1017 2293 illud
1044 2237 1150 2308 quisve
1170 2236 1199 2293 in

194 2318 217 2378 L
241 2313 286 2403 (et
309 2321 445 2398 suspicor
466 2320 553 2379 etiam
572 2321 603 2379 in
623 2318 648 2377 N
667 2323 777 2400 quisce,
800 2337 860 2380 non
882 2325 989 2395 quisae
1007 2321 1099 2382 inisse
1117 2324 1199 2384 item·

194 2427 252 2487 que
282 2411 314 2467 in
343 2401 381 2490 V)
412 2425 589 2486 quamquam
619 2409 752 2486 recipere
783 2427 873 2470 ausus
902 2427 961 2468 non
994 2429 1072 2490 sum,
1104 2418 1198 2472 tumen

193 2498 315 2576 dIgnum
343 2502 389 2556 est
417 2496 495 2574 quod
523 2495 703 2557 observetur.
749 2496 834 2576 Apud
857 2497 1032 2559 Venantium
1059 2497 1197 2561 Fortune-

194 2593 258 2646 tum
281 2593 343 2646 tres
366 2585 425 2645 loci
448 2591 557 2665 extent,
579 2584 631 2645 ubi
653 2589 756 2661 quisve
773 2588 805 2646 in
827 2588 1058 2665 interrogatione
1072 2592 1197 2667 positum

194 2682 252 2735 est:
276 2693 364 2735 carm.
383 2672 442 2755 vu,
463 2672 513 2755 12,
532 2672 573 2734 27
598 2677 707 2749 quidve
726 2693 834 2750 poema
854 2680 971 2752 potest?
998 2675 1070 2757 VIII,
1088 2675 1119 2758 3,
1136 2675 1195 2740 287

193 2767 303 2840 quidve
326 2768 435 2839 loquer
458 2765 617 2824 inmitem?
645 2762 683 2823 ib.
703 2759 769 2825 305
796 2767 906 2839 quidne
929 2769 1062 2826 animum
1085 2769 1197 2828 dulcem

194 2856 378 2915 memorent?
432 2850 476 2911 dn
517 2856 594 2913 enim
635 2851 844 2931 interpolatum
886 2871 951 2914 esse
989 2853 1197 2916 censebimus?

194 2976 236 2984 —
279 2941 320 3002 Ib.
349 2939 369 3003 6
407 2940 495 3001 verbo
532 2945 597 3002 eins
633 2945 691 3002 noc
731 2960 856 3003 carmen
892 2950 937 3004 est
973 2941 1197 3025 GustaIssonIus,

192 3031 272 3091 haud
300 3033 361 3091 scio
390 3047 425 3090 an
454 3032 533 3110 iure,
561 3029 673 3090 secludi
701 3029 818 3090 mavult.
843 3064 884 3072 —
907 3029 948 3090 Ih.
972 3029 1038 3094 v.3
1065 3035 1121 3094 troc
1147 3037 1198 3094 dot

195 3123 328 3196 caespite
359 3121 493 3180 membre
526 3119 561 3179 ci.
594 3137 662 3179 cum
695 3117 828 3197 Cypriam
858 3119 928 3179 Gaii.
956 3119 1011 3180 les.
1040 3119 1106 3181 Nat.
1134 3118 1195 3183 573

191 3208 318 3284 functus
341 3211 447 3270 merito
467 3211 522 3268 det
543 3211 677 3269 membra
699 3209 877 3284 sepolcnro;
900 3213 998 3270 dandi
1024 3211 1114 3288 igitur
1136 3228 1196 3270 rer-

195 3296 266 3357 hum
294 3295 372 3357 idem
402 3297 548 3375 significat
576 3297 653 3375 quod
682 3299 821 3359 condere.
847 3331 888 3338 -
912 3297 957 3377 Ν,
973 3296 1057 3379 12,1
1081 3302 1196 3378 reposui

195 3385 416 3460 confunditnr;
448 3386 484 3445 ci.
508 3383 645 3463 Engelbr.
675 3384 692 3444 l.
711 3384 729 3445 l.
752 3404 780 3464 p.
801 3383 829 3446 8.
854 3419 896 3428 -
920 3385 964 3467 Ν,
989 3382 1029 3448 13
1053 3388 1140 3448 iuscr.
1162 3388 1196 3448 de
1279 3397 1280 3404 ’

202 3475 303 3536 Vectio
326 3493 351 3533 v.
372 3492 416 3552 ep.
435 3473 480 3554 Ν,
500 3470 529 3553 9,
550 3472 577 3534 1.
589 3507 630 3515 -
649 3473 694 3554 IV,
710 3471 796 3555 14,4
819 3475 1040 3536 concedendum
1065 3482 1108 3536 est
1130 3495 1194 3552 qne-

194 3567 302 3625 retinen
325 3564 485 3638 effundere
508 3565 549 3622 ita
567 3563 680 3623 dictum
703 3581 778 3644 esse,
797 3572 829 3625 ut
848 3564 884 3624 ab
907 3566 1014 3626 usitata
1033 3567 1095 3625 eius
1119 3565 1196 3626 verbi
