2610 4056
165 189 234 256 232
544 189 653 243 LIBER
670 189 802 245 NONUS.

303 345 482 417 resonetque
504 341 615 399 mixtus
639 337 688 398 ille
711 357 764 417 pes
789 337 977 419 celerrimus,

303 427 379 488 benc
403 435 589 507 nuncupatus
614 426 761 506 quondam
785 426 820 487 ab
844 433 906 487 arte
929 424 1087 510 pyrricha,

303 517 368 578 loco
391 516 533 577 locandus
555 516 762 594 undecumque
786 517 817 576 in
841 515 958 596 ultim03

246 618 280 668 10
304 605 448 685 spondam
466 606 589 667 daturus
613 611 642 664 et
665 603 791 665 subinde
814 606 928 684 versui,

301 694 391 755 modo
414 697 446 754 in
468 696 568 774 priore
591 701 689 774 parte,
712 711 791 754 nrmc
814 695 847 753 in
870 694 979 753 extima

303 790 493 864 anapaestus,
515 785 579 862 ipse
604 800 781 861 quamquam
805 789 835 843 et
858 781 1023 844 absolutius

303 875 527 952 pronuntietur,
551 890 619 932 cum
642 878 743 932 secuta
766 873 853 931 tertia

303 963 438 1040 geminae
461 960 603 1039 brevique
626 959 712 1038 longa
736 959 875 1020 adhaeret
899 959 1016 1039 syllaba.

248 1097 281 1146 15
349 1084 430 1156 Quae
453 1092 619 1164 temperare
642 1086 691 1144 vix
714 1083 790 1145 valet
813 1086 965 1162 gregarius

304 1180 405 1254 poeta,
427 1180 461 1233 ut
483 1175 547 1252 ipse
572 1175 670 1233 cernis
694 1191 759 1234 esse
783 1172 920 1254 Sollium,

304 1261 378 1322 mihi
401 1268 508 1340 pecten
532 1268 611 1322 errat
632 1280 688 1322 neo
711 1280 766 1340 per
789 1280 839 1321 ora
864 1280 990 1322 concava

304 1369 376 1429 vaga
400 1349 499 1428 lingua
521 1339 858 1429 flexum'competenter
881 1351 1009 1429 explicat

305 1455 386 1518 epos,
429 1439 480 1499 sed
504 1439 583 1499 istud
607 1441 703 1518 aptius
726 1441 874 1518 paraverit
915 1489 918 1495 .

247 1541 282 1590 20
305 1527 380 1608 Leo,
402 1526 511 1587 Leonis
535 1534 585 1589 aut
607 1534 726 1588 secutus
751 1527 861 1588 orbitas

306 1623 394 1678 cantu
417 1619 448 1676 in
471 1616 588 1698 Latino,
612 1635 680 1678 cum
702 1619 785 1695 prior
809 1619 847 1677 sit
869 1617 965 1678 Attico

306 1705 533 1768 Consentiorum
557 1708 609 1785 qui
632 1712 784 1785 superstes
808 1713 854 1766 est
875 1709 966 1788 patri,

306 1795 378 1875 tide,
401 1813 486 1876 voce,
509 1797 613 1855 metris
637 1795 673 1855 ad
696 1794 806 1855 fluenta
828 1795 934 1872 Pegasi

306 1886 451 1945 cecinisse
475 1883 572 1944 dictus
597 1883 771 1944 omniforme
796 1885 957 1964 canticum,

246 1985 281 2035 25
306 1974 502 2052 quotiensque
525 1972 615 2032 verba
638 1971 724 2032 Graia
748 1973 968 2052 carminaverit,

305 2064 439 2122 tenuisse
463 2060 541 2121 celsa
563 2063 682 2121 iunctus
706 2067 784 2122 astra
807 2061 935 2121 Pindaro

304 2156 495 2228 montemque
518 2151 612 2210 victor
634 2152 693 2210 isse
716 2168 771 2228 per
793 2149 964 2210 biverticem

306 2237 395 2299 nullis
420 2237 568 2298 secundus
591 2240 671 2298 inter
692 2246 776 2299 antra
798 2236 946 2318 Delphica.

306 2335 336 2387 at
359 2334 485 2404 uterque
508 2333 606 2386 vatum
630 2329 656 2386 si
679 2326 759 2406 lyrae
781 2330 915 2406 poeticae

243 2429 278 2477 30
301 2415 418 2476 Latiare
442 2433 561 2475 carmen
585 2422 664 2494 aptet
688 2415 798 2494 absque
821 2414 942 2497 Dorico,

305 2505 470 2586 Venusina,
491 2503 609 2586 Flacce,
631 2504 744 2584 plectra
767 2507 886 2584 ineptus
910 2523 1014 2566 exeras

305 2594 480 2673 Iapygisque
503 2612 592 2654 verna
616 2612 726 2674 cygnus
749 2593 847 2654 Aufidi

305 2683 425 2743 Atacem
448 2690 550 2743 tonare
574 2701 642 2743 oum
665 2685 728 2743 suis
751 2680 883 2742 oloribus

305 2791 379 2834 cana
402 2778 432 2831 et
455 2789 562 2832 canora
586 2771 660 2832 colla
682 2774 777 2831 victus
801 2773 942 2850 ingemas.

248 2909 282 2959 35
350 2895 412 2956 Nec
435 2898 491 2956 ista
516 2895 576 2956 sola
601 2902 670 2956 sunt
692 2897 788 2974 perita
810 2904 944 2977 pectora,

305 2984 376 3046 licet
399 2991 428 3045 et
449 2987 555 3065 peritis
579 2985 651 3045 haec
674 2986 817 3064 peritiora
841 2986 913 3045 sint:

242 3126 318 3175 v.17
344 3119 415 3174 mihi
440 3123 542 3190 pecten
561 3122 637 3174 erret
654 3120 845 3189 Laetiobaum
872 3118 911 3173 mi
934 3117 965 3172 in
988 3120 1100 3189 pectine
1126 3126 1193 3177 ereb

170 3195 253 3259 (corr.
272 3193 304 3246 ἐκ
323 3193 399 3246 errat
416 3193 511 3262 P¹)P,
534 3191 574 3245 mi
592 3191 622 3246 in
645 3189 757 3261 pectine
776 3193 851 3245 errat
870 3189 920 3260 (mi
937 3190 949 3243 i
966 3193 998 3245 in
1014 3208 1069 3246 aaa.
1087 3193 1124 3246 M
1127 3194 1194 3258 11Μ

172 3270 199 3320 ct
220 3265 253 3318 dn
274 3280 360 3333 marg.
380 3265 444 3318 add.
467 3263 507 3317 mi
526 3263 573 3331 M,
602 3261 673 3316 mihi
693 3264 759 3331 (boc
776 3263 808 3317 irs
830 3268 898 3317 ectr.
918 3280 942 3318 c.
957 3266 1005 3330 16)
1025 3261 1055 3316 in
1072 3263 1190 3331 pectine

172 3336 249 3389 erret
267 3335 339 3403 (erat
358 3333 467 3404 F)PF
478 3339 488 3406 11
501 3353 526 3389 v.
542 3340 576 3388 25
596 3333 800 3388 ruminaverat
821 3333 844 3388 0
863 3335 872 3402 11
893 3351 921 3388 v.
935 3337 969 3387 28
987 3333 1060 3388 nulii
1077 3335 1159 3406 culpo
1181 3337 1184 3397 1

171 3407 257 3459 cntra
274 3404 459 3474 Loctjobomn,
478 3407 555 3458 estre
574 3407 650 3460 codd.
664 3407 674 3475 11
687 3424 713 3460 v.
729 3411 761 3460 29
783 3406 813 3458 et
830 3405 926 3475 culpo,
945 3407 995 3458 eut
1013 3405 1042 3475 O,
1062 3408 1108 3459 ast
1126 3405 1192 3461 PF

170 3483 199 3531 ct
220 3492 289 3530 corr.
313 3493 347 3530 ec
370 3476 420 3528 aut
437 3476 484 3528 ΜῚ
511 3477 520 3542 11
547 3493 572 3530 r.
588 3481 621 3530 33
646 3481 745 3530 etacen
764 3475 836 3543 MP,
865 3479 969 3545 stegen
989 3476 1029 3546 F,
1058 3479 1187 3532 astacen

170 3551 201 3616 (1
221 3548 273 3602 titt.
292 3561 360 3601 erae.
377 3544 470 3616 0²)OE
487 3561 586 3600 sonare
604 3546 660 3602 Leo
674 3549 683 3615 11
