2660 4030
135 236 306 293 SIDONIUS
325 236 470 293 DOMINO
484 236 603 292 PAPAE
616 235 853 293 THEOPLASTO
868 235 1045 292 SALUTEM.
1084 236 1148 302 131

133 392 288 447 venerunt
321 403 448 465 namque
472 405 561 448 unam
580 386 719 446 feminam
738 385 775 446 de
794 385 947 447 affectibus
967 388 1038 467 suis,
1061 404 1149 465 quam

133 476 211 536 forte
238 474 402 553 Vargorum
431 468 501 558 (hoc
528 477 609 536 enim
635 477 755 536 nomine
783 475 937 553 indigenas
967 473 1149 537 latrunculos

132 558 322 647 nuncupant)
355 571 551 643 superventus
579 562 777 645 abstraxerat,
808 565 866 624 isto
894 563 1052 624 deductam
1080 571 1149 625 ante

132 652 247 732 aliquot
273 670 366 714 annos
392 655 519 732 isticque
546 653 719 714 distractam
747 671 815 714 cum
842 670 902 712 non
934 651 1007 712 falso
1035 652 1147 714 indicio

132 744 360 823 comperissent,
383 743 473 802 certis
496 742 617 821 quidem
641 743 733 820 signis
757 741 809 802 sed
832 759 892 802 non
913 740 1084 802 recentibus
1102 744 1148 804 in·
1174 759 1188 800 a

133 833 285 910 quisivere
307 832 450 910 vestigiis.
487 829 516 893 2.
540 837 627 909 atque
651 830 748 892 obiter
770 830 843 891 baec
866 830 969 891 eadem
992 829 1148 914 laboriosa,

131 921 309 1001 priusquam
330 919 363 980 bi
386 920 533 1000 adessent,
554 922 586 980 in
609 921 802 999 negotiatoris
825 921 921 980 nostri
943 919 1030 980 domo
1054 920 1148 981 domi-

131 1011 242 1087 nioque
262 1008 358 1088 palam
377 1026 447 1070 sane
463 1008 639 1070 venumdata
657 1009 837 1090 defungitur,
857 1008 983 1087 quodam
997 1007 1148 1070 Prudente

132 1091 205 1180 (boc
231 1099 296 1158 viro
324 1091 462 1181 nomen),
494 1116 582 1177 quem
613 1116 694 1159 nunc
721 1097 907 1158 Tricassibus
934 1097 1043 1177 degere
1071 1097 1148 1159 lama

132 1185 273 1266 divulgat,
292 1188 460 1266 ignotorum
478 1186 565 1247 nobis
583 1186 738 1248 hominum
751 1185 935 1248 collaudante
950 1193 1147 1269 contractum;
1162 1204 1188 1244 ιο

133 1277 219 1336 cuius
252 1275 431 1356 subscriptio
463 1278 542 1336 intra
573 1275 731 1337 formulam
765 1276 966 1336 nundinarum
997 1283 1148 1355 tamquam

132 1364 234 1424 idonei
256 1363 477 1443 adstipulatoris
496 1364 672 1425 ostenditur.
705 1365 864 1425 auctoritas
883 1382 1037 1446 personae,
1060 1383 1147 1444 opor·

132 1455 244 1514 tunitas
266 1456 453 1532 praesentiae
476 1460 543 1515 tuae
567 1455 646 1514 inter
665 1471 764 1514 coram
786 1454 900 1532 positos
923 1452 1008 1514 lacile
1027 1453 1148 1535 valebit,

133 1543 161 1602 si
179 1541 358 1623 dignabitur,
377 1545 486 1603 seriem
505 1545 597 1604 totius
616 1542 757 1620 indagare
775 1541 943 1622 violentiae,
962 1560 1046 1624 quae,
1065 1543 1145 1622 quod

132 1632 250 1709 gravius
270 1638 324 1712 est,
342 1649 377 1692 eo
393 1632 533 1693 facinoris
547 1633 681 1714 accessit,
700 1637 843 1710 quantum
860 1633 1040 1710 portitorum
1058 1631 1145 1693 datur
1160 1647 1186 1689 15

131 1737 222 1780 nosse
248 1727 427 1802 memoratu,
453 1727 487 1783 ut
514 1722 603 1781 etiam
630 1722 662 1781 in
684 1719 735 1780 illo
758 1719 914 1780 latrocinio
938 1719 1086 1799 quendam
1109 1720 1145 1781 de

130 1826 257 1868 numero
285 1811 416 1871 viantum
443 1815 559 1870 constet
586 1811 757 1870 extinctum.
808 1805 837 1869 3.
866 1809 917 1868 sed
946 1810 1015 1887 quia
1042 1809 1147 1869 iudicii

131 1899 225 1958 vestri
251 1898 428 1959 medicinam
461 1904 603 1979 expetunt
635 1898 878 1978 civilitatemque,
910 1899 963 1976 qui
994 1900 1146 1976 negotium

132 1985 285 2047 criminale
308 1990 494 2068 parturiunt,
520 1994 699 2068 vestrarum,
726 1986 849 2048 sibene
873 1988 994 2069 metior,
1016 1989 1146 2066 partium

131 2077 244 2155 pariter
262 2083 292 2136 et
309 2094 427 2137 morum
446 2083 501 2157 est,
519 2076 616 2156 aliqua
635 2076 768 2138 indemni
786 2077 1000 2155 compositione
1018 2077 1145 2136 istorum
1159 2094 1186 2134 ao

131 2163 236 2245 dolori,
258 2164 380 2226 Illorum
402 2164 535 2244 periculo
560 2165 716 2226 subvenire
736 2172 766 2226 et
784 2165 911 2244 quodam
930 2163 1057 2226 salubris
1077 2183 1144 2226 sen·

130 2255 241 2314 tentiae
263 2261 497 2334 temperamento
524 2255 600 2314 hanc
622 2261 737 2334 partem
760 2256 860 2316 minus
883 2254 1035 2335 afflictam,
1062 2253 1144 2314 illam

130 2343 230 2403 minus
257 2361 340 2404 ream
368 2351 397 2404 et
424 2350 581 2422 utramque
604 2343 671 2422 plus
696 2344 793 2404 lacere
817 2361 965 2424 securam3
993 2361 1031 2404 ne
1054 2345 1145 2422 iurgii

132 2437 240 2512 status,
266 2439 301 2492 ut
324 2450 390 2493 sese
418 2433 476 2492 lert
503 2434 647 2511 temporis
674 2431 791 2511 locique
815 2431 954 2512 qualitas,
980 2431 1070 2492 talem
1094 2433 1144 2493 de-

131 2520 253 2581 scendat
283 2521 320 2581 ad
351 2524 512 2582 terminum
518 2568 527 2602 ,
565 2520 649 2600 quale
682 2523 780 2600 coepit
810 2520 919 2582 habere
951 2523 1140 2600 principium.
1157 2538 1183 2579 25

130 2627 245 2670 memor
267 2613 363 2671 nostri
386 2629 452 2671 esse
476 2610 612 2692 dIgnare,
635 2609 753 2670 domine
776 2628 859 2690 papa.

618 2853 657 2920 V.

174 2975 342 3031 SIDONIUS
360 2975 505 3031 DOMINO
524 2974 643 3029 PAPAE
661 2973 900 3030 THEOPLASTO
920 2973 1097 3032 SALUTEM.

199 3089 324 3151 Causam
347 3108 443 3150 meam
466 3091 603 3150 nesciens
627 3090 697 3168 agit,
720 3090 771 3167 qui
794 3088 905 3149 advos
929 3107 1010 3149 ame
1028 3089 1143 3151 litteras

131 3187 241 3260 portat3
264 3198 342 3260 nam,
365 3179 437 3240 dum
458 3180 549 3238 votivi
572 3177 645 3239 mihi
668 3178 701 3237 tit
720 3176 840 3255 genuus
860 3185 1023 3256 oportunus
1044 3179 1143 3261 officii,

203 3390 216 3437 1
235 3386 423 3453 pervenerunt
441 3384 472 3439 F
483 3387 522 3452 112
541 3401 696 3454 vargonum
716 3389 793 3453 (num
811 3385 843 3439 ia
859 3401 914 3440 ras.
930 3384 1036 3453 M‘tM,
1053 3401 1141 3452 rago·

129 3472 192 3508 rum
217 3455 252 3522 Τ,
278 3457 325 3511 vel
348 3472 506 3525 vargonum
527 3473 547 3511 s.
568 3457 584 3511 l.
604 3458 668 3512 add.
689 3456 726 3509 Tr
757 3457 767 3526 ΙΙ
799 3460 832 3508 12
857 3454 1061 3527 astipulatione
1085 3456 1109 3511 0
1133 3457 1143 3530 ll

130 3531 164 3580 24
183 3526 305 3594 qualitas
325 3528 505 3596 Gustasssoo,
523 3526 645 3581 eiriIItas
663 3529 739 3583 codd.
766 3528 771 3597 Ι
796 3527 949 3582 descendat
972 3528 999 3583 V
1015 3534 1040 3585 et
1059 3531 1140 3597 (corr.

128 3600 161 3654 io
180 3597 307 3654 discedat
324 3600 434 3669 MOM,
452 3598 601 3653 discendat
618 3600 653 3668 L,
673 3597 802 3653 discedat
822 3598 893 3670 ΟΤΙ]

944 3689 980 3742 9*
