2614 4030
346 220 513 276 SIDONIUS
532 219 674 275 MONTIO
695 219 763 278 SUO
783 221 961 278 SALUTEM.
1118 224 1161 289 27

63 411 66 418 ‚
146 380 214 434 tuae
246 378 366 451 praeter
395 372 470 431 iuris
500 371 641 431 iniuriam
668 373 700 431 in
730 380 932 433 accusatorem
959 391 1059 434 meum
1087 391 1162 452 quae

144 460 211 522 volo
244 455 394 521 scribam?
442 456 491 520 14.
520 459 556 520 ad
586 459 659 520 baec
689 461 753 540 ipse
783 461 944 523 Paeonium
975 463 1162 542 conspicatus

144 558 220 612 nutu
244 551 343 629 coepit
365 547 520 609 consulere
543 554 706 630 nutantem,
728 550 898 629 placeretne
922 551 1067 612 condicio.
1109 550 1162 612 sed

142 657 214 700 cum
241 638 291 698 ille
315 637 456 698 eonbrsus
480 639 650 698 reticuisset
677 640 877 719 princepsque
901 639 1071 702 consuleret
1094 659 1161 701 eru-

142 727 295 808 bescenti,
326 729 387 787 aite
412 721 521 787 ‘annuo
544 726 714 808 postulatis,
743 730 769 788 si
794 728 852 789 hoc
875 730 973 808 ipsum
996 748 1013 790 e
1036 731 1161 808 vestigio
1189 746 1201 788 ⁵

143 816 281 878 versibus
309 810 414 895 petas?
459 809 543 896 ‘fiat’,
571 817 705 897 inquam,
738 825 963 896 retrorsumque
992 836 1163 900 conversus

118 913 296 984 ,tamquam
319 923 425 984 aquam
448 903 585 965 manibus
603 922 770 988 poscerem,
793 913 967 985 tantumque
987 915 1162 989 remoratus

81 1049 86 1061 .
144 1001 290 1074 quantum
309 993 429 1054 stibadii
448 992 592 1054 circulum
612 994 772 1055 celerantia
790 997 957 1056 ministeria
973 1003 1163 1078 percurrunt,

82 1111 95 1138 ·
143 1083 280 1145 cubitum
298 1090 363 1143 toro
383 1082 508 1144 reddidi.
545 1090 575 1143 et
592 1084 767 1162 imperator:
789 1080 1003 1164 ‘spoponderas
1021 1091 1051 1144 te
1070 1084 1161 1145 licen-

142 1174 217 1234 tiam
254 1171 427 1233 scribendae
465 1172 573 1232 satirae
610 1171 746 1234 versibus
784 1172 891 1234 subitis
923 1168 1161 1253 postulaturum?
1176 1193 1202 1232 10

97 1281 100 1288 ⁴
142 1269 176 1322 et
199 1280 267 1340 ego:

213 1364 356 1429 ‘scribere
379 1386 427 1427 me
451 1369 572 1428 satiram
595 1369 647 1446 qui
670 1367 777 1448 culpat,
800 1370 926 1430 maxime
950 1372 1100 1450 princepS,

258 1457 333 1517 hanc
357 1475 428 1535 rogo
453 1456 595 1517 decernas
619 1463 669 1517 aut
692 1456 799 1535 probet
821 1465 872 1518 aut
894 1453 1018 1519 timeat?

146 1578 196 1644 15.
221 1589 342 1642 secutus
366 1588 412 1642 cst
434 1580 547 1662 fragor,
574 1583 634 1641 nisi
658 1581 737 1660 quod
765 1581 831 1642 dico
859 1584 999 1642 iactantia
1022 1590 1081 1664 est,
1107 1601 1163 1661 par

143 1670 317 1751 Camillano,
340 1689 428 1750 quem
454 1670 574 1749 quidem
597 1689 658 1730 non
681 1678 741 1730 tam
765 1673 906 1731 carminis
926 1671 1058 1750 dignitas
1073 1689 1161 1750 quarn
1176 1688 1201 1729 15

145 1762 289 1838 temporis
311 1759 442 1820 brevitas
465 1761 583 1820 meruit.
629 1766 659 1820 et
690 1761 844 1838 princeps:
877 1754 978 1820 ‘deum
1009 1766 1104 1820 testor
1132 1767 1161 1820 et

109 1875 116 1889 ·
145 1855 256 1909 statum
283 1847 436 1928 publicum
463 1866 510 1908 me
539 1848 575 1908 de
609 1855 709 1909 cetero
741 1866 903 1927 numquam
932 1847 1162 1928 prohibitmum,

144 1939 219 2018 quin
242 1955 317 2016 quae
340 1936 414 1998 velis
436 1936 558 2018 scribas,
582 1939 691 2017 quippe
711 1955 779 1998 cum
797 1936 853 1997 tibi
872 1938 986 1997 crimen
1000 1939 1162 2016 impactum

144 2026 267 2106 probari
289 2026 370 2088 nullo
394 2026 481 2086 modo
504 2028 612 2107 possit3
636 2025 726 2087 simul
750 2033 780 2087 et
801 2027 1000 2106 periniurium
1024 2032 1071 2086 est
1094 2044 1161 2087 sen·

144 2117 269 2176 tentiam
297 2117 467 2194 purpurati,
481 2114 614 2176 tribucre
645 2117 769 2195 privatis
796 2115 852 2176 hoc
882 2114 1095 2196 simultatibus,
1127 2121 1162 2175 ut
1175 2133 1201 2173 oo

143 2207 289 2265 innocens
319 2222 352 2264 ac
382 2222 487 2265 secura
514 2203 653 2264 nobilitas
680 2211 803 2284 propter
831 2203 898 2265 odia
925 2212 1007 2264 certa
1036 2206 1161 2264 crimine

143 2296 260 2354 incerto
283 2289 490 2372 periclitetur?
537 2293 573 2353 ad
595 2293 672 2353 hanc
695 2296 760 2372 ipse
784 2295 963 2354 sententiam
987 2311 1055 2353 cum
1078 2311 1161 2353 vere-

144 2382 241 2443 cunde
273 2384 369 2460 capite
400 2381 529 2442 demisso
558 2384 666 2460 gratias
695 2401 827 2464 agerem,
860 2384 1074 2443 contionatoris
1101 2383 1161 2441 mei

143 2477 309 2550 coeperunt
331 2488 383 2531 ora
405 2470 530 2553 pallere,
557 2473 590 2530 in
614 2489 688 2551 quae
712 2470 799 2550 paulo
828 2479 895 2532 ante
919 2477 988 2550 post
1009 2473 1085 2531 iram
1108 2472 1161 2530 tri-

144 2562 227 2621 stitia
250 2567 449 2641 successerat3
472 2578 527 2621 nec
551 2562 622 2620 satis
641 2560 745 2642 defuit,
768 2562 841 2639 quin
860 2559 993 2639 gelarent
1010 2567 1160 2639 tamquam
1175 2575 1202 2616 ss

142 2649 181 2710 ad
205 2656 341 2710 exertum
367 2648 511 2728 praebere
540 2650 671 2709 eervices
699 2651 781 2710 iussa
808 2666 991 2710 mucronem.
1039 2646 1090 2710 16.
1113 2651 1161 2709 rix

142 2745 213 2817 post
239 2738 312 2798 haec
340 2736 394 2798 alia
422 2756 528 2817 pauca:
557 2740 749 2799 surreximus.
794 2738 947 2817 paululum
974 2736 1010 2798 ab
1039 2744 1161 2816 aspectu

45 2878 51 2890 .
143 2829 334 2906 imperatoris
365 2845 608 2906 processeramus
641 2834 728 2907 atque
758 2829 927 2888 etiamnunc
958 2824 1160 2905 chlamydibus
1222 2885 1224 2889 ,

142 2914 350 2996 induebamur,
382 2933 450 2976 cum
472 2915 546 2976 mibi
569 2914 673 2977 consul
701 2916 737 2976 ad
765 2923 883 2997 pectus,
911 2909 1101 2995 praefectorii
1124 2914 1161 2974 ad

142 3023 250 3066 manus
281 3004 400 3085 cadere,
432 3007 497 3085 ipse
529 3004 579 3065 ille
612 3023 682 3066 reus
710 3007 824 3066 amicus
855 3003 960 3065 crebro
989 3010 1019 3064 et
1046 3001 1160 3063 abiecte
1174 3021 1203 3062 ao

143 3093 357 3155 miserantibus
381 3095 497 3154 cunctis
525 3094 690 3174 humiliari,
723 3096 763 3154 ita
791 3101 824 3154 ut
846 3096 998 3174 timerem,
1025 3110 1063 3153 ne
1087 3092 1162 3152 mihi

216 3307 233 3354 4
251 3318 291 3384 osec
308 3299 439 3371 princeps
459 3300 524 3370 qui?
542 3302 556 3383 ji
580 3305 614 3354 10
632 3299 737 3381 satirae
761 3298 908 3354 scribende
929 3299 979 3368 Gn
1004 3304 1037 3352 18
1056 3297 1161 3369 quippe

142 3372 792 3514 ἕὲιᾚᾟῖἒθὲἶῗωῖἒεὲῗέἰὲἶῗῗῑἪ
806 3369 1160 3512 iitdtia‘tltltill

142 3531 183 3584 ap.
198 3520 234 3570 10
253 3515 270 3570 l.
289 3532 313 3571 o.
333 3515 361 3569 L
373 3518 383 3586 ΙΙ
398 3519 431 3569 30
450 3513 596 3596 illemeus
615 3513 685 3595 ipso·
699 3513 738 3583 01
754 3530 818 3596 τρυε
836 3514 903 3570 LN
905 3514 941 3582 T,
960 3529 1038 3567 mens
1057 3512 1095 3566 M
1099 3512 1122 3568 0
1137 3519 1162 3568 et

143 3601 166 3639 a.
185 3586 202 3640 l.
222 3587 286 3642 add.
308 3587 359 3655 T²;
377 3588 411 3655 cs.
431 3585 452 3658 5
470 3589 487 3640 4
504 3603 562 3640 uam
580 3603 659 3640 reum
677 3601 773 3640 mrem
790 3593 816 3642 et
833 3585 854 3658 5
869 3588 906 3641 17
924 3586 1004 3640 reatu
1018 3586 1027 3654 ll
