2636 4032
316 210 483 268 SIDONIUS
503 211 674 268 SERRANO
693 212 761 268 SUO
782 211 958 269 SALUTEM.
1102 165 1162 278 49¹

129 365 232 445 bebat,
266 381 354 443 quem
381 369 480 422 tamen
513 369 547 422 tu
578 364 760 441 pertinacius
794 370 843 424 aut
873 362 1028 424 amabilius
1058 381 1146 442 [quam

129 457 242 516 rectius
261 455 421 530 veriusque
440 450 646 512 felicissimum
661 451 799 532 appellas,
818 459 941 531 propter
954 453 1010 513 hoc
1025 455 1146 533 quippe,

129 563 185 605 cur
212 560 267 622 per
290 541 489 620 amplissimos
513 541 639 601 fascium
661 540 764 602 titulos
792 541 883 601 fuerit
906 549 1025 602 evectus
1049 559 1145 621 usque

128 633 167 694 ad
191 631 359 709 imperium.
398 629 450 689 sed
474 632 638 691 sententiae
662 629 715 690 tali
733 647 895 708 numquam
913 648 968 708 ego
988 629 1146 712 assentior,

129 730 164 784 ut
179 721 346 781 fortunatos
359 725 471 800 putem,
486 719 538 797 qui
551 718 732 798 reipublicae
747 717 961 798 praecipitibus
974 738 1007 780 ac
1022 719 1146 781 lubricis
1174 733 1188 774 o

129 808 312 873 culminibus
340 810 492 868 insistunt.
539 805 567 868 2.
597 826 665 868 nam
693 808 752 868 dici
780 811 897 889 nequit,
926 815 1068 887 quantum
1092 828 1147 888 per

129 900 220 960 horas
248 898 305 958 lert
334 899 363 957 in
393 896 447 957 bac
474 899 534 956 vita
561 899 751 958 miseriarum
774 899 832 957 vita
856 897 987 957 felicium
1010 899 1147 978 istorum,

130 991 158 1050 si
186 995 285 1049 tamen
314 988 357 1046 sic
386 993 455 1046 sunt
481 986 708 1066 pronuntiandi,
737 989 788 1065 qui
818 986 875 1046 sibi
902 985 958 1046 boc
981 1004 1089 1047 nomen
1114 995 1147 1047 ut

130 1076 212 1157 Sylla
244 1082 452 1156 praesumunt,
484 1077 627 1135 nimirum
659 1077 711 1154 qui
744 1077 931 1154 supergressi
962 1077 1009 1136 ius
1042 1076 1145 1154 fasque
1176 1144 1177 1147 1

132 1183 289 1227 commune
318 1181 463 1224 summam
490 1163 704 1224 beatitudinem
732 1167 903 1225 existimant
927 1182 1071 1225 summam
1094 1183 1146 1243 po·
1162 1183 1188 1222 ιο

130 1261 284 1334 testatem,
311 1252 368 1313 boc
397 1255 462 1331 ipso
487 1254 559 1313 satis
582 1255 769 1333 miseriores,
798 1253 876 1332 quod
903 1272 1008 1332 parum
1032 1253 1147 1314 intelle·
1220 1257 1221 1262 ’

132 1351 209 1424 gunt
246 1344 465 1421 inquietissimo
502 1360 534 1402 se
570 1341 723 1403 subiacere
755 1342 916 1403 famulatui.
971 1361 1039 1404 nam
1070 1345 1147 1403 sicut

131 1431 303 1494 hominibus
332 1448 431 1511 reges,
459 1433 500 1490 ita
528 1421 649 1510 regibus
677 1431 849 1492 dominandi
877 1431 1025 1493 desideria
1053 1433 1147 1492 domi·

133 1528 251 1583 uantur.
304 1517 333 1583 3.
363 1519 412 1579 bic
445 1521 471 1579 si
503 1522 673 1580 omittamus
706 1520 945 1582 antecedentium
977 1523 1147 1601 principum

133 1629 221 1672 casus
248 1608 295 1669 vel
323 1615 506 1689 secutorum,
534 1608 614 1669 solus
642 1610 699 1669 iste
726 1608 886 1688 peculiaris
908 1617 978 1670 tuus
1001 1609 1146 1670 Maximus
1162 1627 1189 1668 15

133 1702 262 1760 maximo
286 1697 372 1758 nobis
397 1698 432 1758 ad
456 1700 514 1758 ista
537 1697 714 1759 documento
737 1700 848 1777 poterit
871 1717 946 1779 esse,
971 1701 1023 1777 qui
1046 1717 1148 1777 quam-

133 1807 224 1868 quam
256 1789 288 1846 in
321 1805 420 1848 arcem
456 1788 682 1866 praefectoriam
714 1789 869 1866 patriciam
902 1787 1147 1866 consularemque

134 1876 304 1956 intrepidus
337 1875 511 1936 ascenderat
543 1895 653 1955 eosque
686 1895 760 1955 quos
793 1884 925 1955 gesserat
957 1878 1148 1954 magistratus

134 1985 191 2028 ceu
215 1965 439 2026 recurrentibus
464 1964 568 2026 orbitis
587 1964 754 2044 inexpletus
774 1967 939 2045 iteraverat,
963 1983 1031 2025 cum
1049 1972 1149 2026 tamen

133 2057 216 2118 venit
235 2053 373 2114 omnibus
392 2053 505 2114 viribus
520 2055 557 2114 ad
575 2053 748 2134 principalis
763 2056 855 2134 apicis
870 2054 1036 2135 abruptum,
1056 2073 1148 2132 quan·
1163 2075 1189 2114 eo

134 2145 204 2204 dam
227 2145 382 2223 potestatis
405 2145 557 2203 inmensae
580 2145 757 2222 vertiginem
780 2144 835 2204 snb
855 2162 962 2205 corona
981 2143 1150 2223 patiebatur

134 2252 191 2294 nec
211 2230 376 2293 sustinebat
399 2232 537 2292 dominus
557 2249 633 2313 esse,
657 2235 708 2311 qui
726 2251 786 2292 non
807 2235 988 2294 sustinuerat
1007 2251 1072 2294 esse
1093 2233 1149 2294 sub

134 2323 265 2382 domino.
305 2316 336 2381 4.
365 2321 492 2400 denique
525 2323 644 2400 require
677 2323 709 2382 in
738 2323 907 2401 supradicto
934 2324 1011 2382 vitae
1038 2324 1148 2401 prioris

135 2413 261 2490 gratiam
284 2412 446 2489 potentiam
470 2410 697 2471 diuturnitatem
725 2428 800 2490 eque
824 2410 941 2471 diverso
963 2412 1148 2490 principatus

135 2498 224 2579 paulo
248 2498 374 2578 amplius
399 2517 487 2578 qnam
509 2498 683 2560 bimenstris
702 2501 849 2578 originem
871 2499 1022 2560 turbinem
1045 2501 1148 2560 tinem:
1163 2521 1190 2564 re

135 2588 271 2668 proiecto
298 2589 433 2648 invenies
460 2588 610 2648 bominem
640 2587 804 2649 beatiorem
832 2591 915 2668 prius
944 2587 1037 2648 fuisse
1061 2607 1149 2667 quam

134 2677 327 2738 beatissimus
350 2679 563 2738 nominaretur.
598 2679 689 2760 igitur
707 2676 766 2758 ille,
790 2680 875 2738 cuius
894 2679 1026 2738 anterius
1045 2676 1149 2756 epulae

135 2784 246 2848 mores,
268 2768 412 2845 pecuniae
430 2783 565 2847 pompae,
589 2765 704 2828 litterae
727 2767 832 2848 fasces,
855 2768 1033 2845 patrimonia
1050 2773 1149 2845 patro-

135 2857 215 2916 cinia
238 2854 397 2934 llorebant,
420 2856 505 2915 cuius
529 2857 593 2934 ipsa
616 2857 659 2916 sic
683 2855 810 2934 denique
835 2858 928 2935 spatia
951 2856 1027 2914 vitae
1051 2860 1150 2914 custo-

136 2944 304 3024 diebantur,
327 2951 360 3004 ut
382 2962 438 3023 per
455 2943 597 3005 horarum
616 2945 759 3024 disposita
778 2943 947 3024 clepsydras
966 2943 1149 3022 explicaren-
1163 2967 1192 3008 ao

135 3042 200 3114 tur,
228 3035 255 3093 is
283 3040 470 3112 nuncupatus
493 3032 642 3112 Augustus
671 3052 704 3093 ac
729 3032 783 3095 sub
807 3033 862 3094 hac
886 3034 985 3112 specie
1008 3031 1150 3092 Palatinis

135 3121 291 3183 liminibus
318 3120 452 3182 inclusus
480 3129 548 3182 ante
577 3121 785 3201 crepusculum
816 3123 973 3202 ingemuit,
1006 3120 1085 3200 quod
1114 3121 1150 3182 ad

209 3369 242 3418 15
262 3365 421 3418 secutorum
440 3367 520 3432 (corr.
540 3381 574 3419 co
593 3365 765 3432 sequitorum
781 3365 913 3432 N²)NM
917 3366 948 3434 Τ,
969 3366 1152 3432 sequutorum

137 3435 177 3504 L,
200 3435 413 3490 subsecutorum
433 3435 457 3491 0
480 3436 489 3504 11
518 3441 551 3491 16
570 3435 607 3489 ad
629 3436 686 3489 ista
704 3438 768 3492 odd.
787 3453 807 3491 s.
828 3438 845 3492 l.
865 3435 925 3506 Μ’,
952 3435 1061 3490 edisio
1080 3435 1153 3504 ΕΝ,

138 3522 188 3562 om.
209 3506 291 3562 VOT
302 3511 311 3578 1
330 3512 364 3560 20
384 3505 432 3578 ad]
452 3507 504 3561 sub
526 3507 566 3576 01
581 3506 738 3578 principale
759 3507 859 3578 01130
879 3506 1020 3579 disposita
1038 3506 1151 3575 LNT1,

137 3576 291 3646 dispositas
310 3578 348 3632 M
351 3577 413 3632 ΟΨ
427 3582 436 3648 11

191 3675 359 3718 decumanus
374 3677 408 3718 ed.
422 3677 510 3718 Mohr.
974 3672 992 3720 4
