2614 4030
168 225 211 289 22
538 221 647 277 LIBER
664 222 808 278 PRIMUS.

167 378 237 436 citia
265 392 332 434 mea
358 373 406 434 vel
434 391 625 452 praesumere
652 379 716 433 tuta
742 372 789 432 vel
816 371 918 432 illaesa
945 373 1076 434 credere.
1127 391 1182 452 ego

166 483 237 524 vero
260 465 396 523 notitiam
418 465 476 522 riri
499 461 786 540 familiaritatemque
809 479 870 521 non
893 460 990 522 solum
1008 462 1109 522 rolens
1129 463 1182 523 sed

167 560 198 613 et
221 552 324 613 avidus
348 551 518 632 amplector,
542 554 652 630 quippe
676 553 728 630 qui
750 553 884 610 noverim
907 558 1041 612 nostram
1063 569 1182 631 quoque

167 644 293 720 gratiam
320 640 377 702 hoc
405 640 548 720 obsequio
576 657 643 700 meo
671 639 735 700 lore
758 638 980 718 copulatiorem
1022 637 1053 701 2.
1077 641 1129 701 sed
1153 648 1182 701 et

140 737 200 792 stu
222 730 391 809 vigilantiae
414 747 485 790 suae
508 747 556 790 me
579 729 611 789 id
634 739 681 788 est
702 728 796 788 lamae
817 745 900 788 meae
920 735 1030 790 statum
1049 747 1182 790 causam·

167 838 225 898 que
249 819 430 880 commenda.
476 825 716 898 remorantem,
741 835 778 878 ne
802 805 1183 897 lamempopuliRomani

165 908 320 969 theatralis
343 925 448 968 careae
471 908 571 986 lragor
593 909 713 967 insonet
735 914 766 967 et
787 907 950 967 infortunio
973 925 1040 967 meo
1064 907 1182 986 publica

167 997 328 1077 deputetur
350 999 475 1058 esuries,
513 1013 583 1056 sane
606 996 716 1056 hunc'
708 1013 807 1074 rpsum
826 1014 842 1056 e
861 997 986 1075 vestigio
1005 996 1042 1056 ad
1060 1005 1181 1075 portum

167 1089 286 1147 mittere
310 1104 396 1166 paro,
424 1088 493 1165 quia
516 1087 638 1164 conpari
661 1102 750 1145 nares
775 1087 906 1165 quinque
929 1084 1089 1146 Brundisio
1112 1104 1181 1165 pro-

32 1211 38 1224 ι
126 1197 153 1236 ιο
167 1175 259 1236 lectas
283 1193 351 1236 cum
374 1173 531 1254 speciebus
554 1176 647 1234 tritici
670 1192 704 1234 ae
731 1173 827 1233 mellis
852 1177 928 1234 ostia
951 1173 1091 1235 Tiberina
1112 1177 1181 1236 teti·

167 1266 259 1346 gisse3
288 1281 414 1342 quarum
436 1281 527 1324 onera
550 1264 748 1342 expectationi
775 1261 885 1343 plebis,
913 1265 940 1323 si
963 1264 1034 1342 quid
1059 1271 1179 1325 strenue

167 1355 257 1433 gerit,
283 1354 392 1431 raptim
420 1351 508 1412 faciet
536 1353 650 1432 offerri,
680 1351 939 1412 commendaturus
963 1370 995 1412 se
1018 1353 1105 1434 milri,
1133 1371 1180 1414 me

166 1441 290 1524 populo,
313 1448 473 1520 utrumque
496 1440 559 1501 tibi.
596 1440 668 1501 vale.

644 1665 699 1731 XI.

366 1789 534 1845 smonms
553 1788 696 1844 nourro
717 1788 785 1843 suo
806 1788 982 1874 susurru.
1082 1763 1088 1778 '

128 1926 154 1966 15
237 1902 265 1965 1.
289 1903 368 1964 Petis
391 1903 460 1984 tibi,
487 1905 533 1963 vir
561 1903 772 1984 disertissime,
800 1903 952 1982 Sequanos
975 1911 1043 1964 tuos
1068 1906 1179 1983 expeti·

165 2000 233 2054 turo
258 1995 378 2053 satiram
402 1995 503 2053 nescio
522 2011 619 2073 quam,
643 1995 669 2052 si
688 1994 727 2052 sit
745 2011 761 2052 a
780 1991 867 2054 nobis
886 1995 1060 2074 perscripta,
1083 2000 1180 2053 trans·

166 2083 253 2142 mitti.
304 2081 382 2162 quod
415 2082 536 2160 quidem
568 2089 597 2142 te
629 2080 795 2159 postulasse
828 2081 975 2164 demiror3
1008 2101 1068 2142 non
1100 2085 1180 2142 enim

166 2177 302 2230 sanctum
326 2177 380 2252 est,
407 2177 441 2231 ut
464 2171 500 2231 de
523 2170 658 2232 moribus
686 2172 773 2230 amici
797 2173 855 2231 cito
878 2190 1036 2250 perperam
1059 2174 1179 2232 sentias.

164 2258 235 2319 huic
259 2277 340 2319 eram
363 2259 486 2320 themati
513 2259 627 2320 scilicet
654 2259 847 2320 incubaturus
876 2260 907 2320 id
930 2263 988 2321 iam
1011 2279 1103 2340 agens
1127 2263 1180 2320 otii

125 2372 151 2411 20
166 2348 255 2427 idque
278 2347 391 2408 habens
415 2351 492 2431 aevi,
520 2349 599 2428 quod
622 2351 759 2410 iuvenem
786 2349 1021 2428 militantemque
1050 2349 1179 2410 dictasse

165 2439 436 2517 praesumptiosum
468 2438 586 2518 luisset,
622 2437 790 2517 publicasse
823 2446 922 2498 autem
953 2434 1180 2517 periculosum?

165 2528 214 2586 cui
242 2544 367 2605 namque
396 2529 620 2605 grammaticum
650 2526 696 2586 vel
724 2526 863 2588 salutanti
891 2525 1013 2588 Calaber
1040 2526 1091 2588 ille
1119 2546 1179 2587 non

165 2615 252 2674 dixit:

166 2717 209 2781 ‘si
228 2721 316 2782 mala
340 2721 547 2782 condiderit
570 2725 605 2782 in
629 2741 731 2801 quem
754 2725 834 2802 quis
855 2725 1026 2804 carmina,
1050 2725 1105 2783 ius
1125 2731 1179 2783 cst

124 2834 150 2874 ιι
165 2806 449 2890 iudiciumque?

164 2933 193 2996 2.
218 2936 271 2996 sed
303 2955 340 2996 ne
370 2936 441 3015 quid
468 2935 546 2997 ultra
574 2944 607 2996 tu
635 2936 671 2996 de
702 2935 796 2996 sodali
826 2936 922 2996 simile
956 2936 1073 3016 credas,
1106 2935 1178 3014 quid

164 3025 254 3085 luerit
277 3025 359 3106 illud,
388 3024 467 3103 quod
490 3043 537 3085 me
562 3027 699 3085 sinistrae
724 3043 826 3085 rumor
849 3044 882 3085 ac
906 3025 1005 3086 fumus
1028 3026 1178 3104 opinionis
1274 3030 1278 3038 '

163 3113 283 3195 afflavit,
310 3113 427 3193 longius
450 3113 537 3193 paulo
562 3114 614 3174 sed
638 3113 675 3174 ab
699 3115 813 3192 origine
837 3132 990 3194 exponam.
1035 3115 1179 3192 tempori-

163 3201 219 3262 bus
238 3204 352 3282 August
340 3205 363 3263 ti
381 3203 536 3264 Maioriani
559 3205 640 3265 venit
663 3205 694 3263 in
716 3202 848 3263 medium
872 3203 973 3264 charta
996 3203 1178 3284 comitatum,

234 3378 269 3426 24
287 3373 354 3429 Hor.
370 3375 421 3429 set.
436 3373 470 3444 Π,
486 3379 510 3442 1,
526 3379 612 3442 Sisq.

236 3451 249 3497 1
270 3445 334 3544 quta
352 3461 531 3514 praesumere
548 3444 576 3512 0,
595 3461 772 3513 praesumere
786 3443 848 3498 vrta
862 3443 888 3498 L
905 3448 909 3511 Ι
925 3442 1026 3498 illaesa
1040 3460 1089 3499 om.
1105 3461 1144 3515 sp.
1161 3449 1179 3499 7

164 3515 175 3528 ”
284 3517 325 3569 “ὅ
345 3517 527 3587 causamque]
546 3517 707 3585 famamque
727 3516 799 3585 0119
818 3514 972 3570 brundusio
991 3515 1018 3569 L
1038 3517 1048 3585 [l
1069 3521 1101 3570 27
1123 3531 1178 3584 quo
