2628 4034
526 203 677 259 CARMEN
695 205 729 261 V.
1069 204 1134 270 267

208 355 274 414 11110
298 370 361 433 suo,
383 355 492 413 virtute
515 371 590 435 mea,
613 353 796 432 secundaque
820 356 935 434 poenis,

130 453 189 502 335
209 459 283 522 quos
306 443 410 521 patiar,
433 443 525 520 pario.
571 445 700 521 propriis
724 442 767 502 nil
790 443 909 503 coniicit
932 445 1036 504 armis:

208 529 349 612 GaetuliS,
372 530 522 612 Nomadis‚
545 529 770 592 Garamantibus
793 531 1004 614 Autololisque,

207 620 330 700 Arzuge,
352 618 537 701 Marmarida,
560 619 666 702 Psyllo,
689 620 855 681 Nasamone
878 623 1001 681 timetur

209 711 319 790 segnis,
344 715 372 768 et
395 711 510 786 ingenti
533 708 646 770 ferrum
670 711 729 769 iam
751 711 849 770 nescit
871 708 907 770 ab
927 728 1007 770 auro.

208 799 267 877 ipsi
290 804 390 858 autem
412 796 494 857 color
517 800 684 880 exsanguis,
708 816 796 876 quem
820 797 940 877 crapula
963 805 1049 858 vexat

131 897 189 948 340
208 895 238 946 et
261 884 374 965 pallens
396 886 546 965 pinguedo
569 893 660 968 tenet,
683 904 834 966 ganeaque
858 889 985 966 perenni

206 993 329 1054 pressus
352 982 538 1036 acescentem
562 976 731 1036 stomachus
753 994 815 1036 non
837 975 964 1055 explicat
986 994 1098 1037 auram.

206 1082 260 1143 par
283 1071 329 1124 est
352 1066 411 1124 vita
434 1067 511 1144 suis3
534 1083 594 1125 non
618 1067 661 1125 sic
684 1064 831 1125 Barcaeus
855 1066 982 1144 opimam

206 1151 351 1213 Hannibal
375 1152 410 1213 ad
435 1152 564 1232 Capuam
587 1156 685 1234 periit,
709 1172 777 1214 cum
800 1154 887 1214 fortia
911 1153 990 1215 bello

206 1244 286 1302 inter
308 1241 430 1302 delicias
452 1241 603 1302 mollirent
626 1260 750 1321 corpora
773 1241 860 1304 Baiae

126 1341 187 1391 ’345
207 1338 245 1412 01,
269 1349 301 1391 00
324 1329 468 1391 Lucrinas
492 1349 549 1410 qua
572 1333 668 1409 vergit
691 1330 806 1392 Gaurus
830 1334 862 1392 in
885 1331 993 1413 undae,

205 1419 325 1480 brachia
348 1419 492 1498 Massylus
516 1422 640 1480 iactaret
661 1423 746 1498 nigra
769 1427 892 1480 natator.

205 1517 292 1589 atque
316 1508 383 1569 idco
410 1509 491 1569 bunc
513 1509 667 1570 dominum
690 1508 795 1569 saltem
818 1517 887 1588 post
910 1508 1028 1569 saecula
1050 1515 1131 1568 tanta

205 1597 332 1658 ultorem
355 1597 429 1657 mibi
452 1597 553 1680 redde,
576 1615 691 1680 precor,
714 1616 752 1658 ne
775 1598 897 1658 dimicet
919 1597 998 1658 ultra

206 1680 349 1764 Carthago
372 1686 488 1748 ltaliam
509 1683 633 1748 contra.²
679 1689 723 1747 sic
746 1687 805 1748 iata
828 1685 928 1746 dolore

135 1788 188 1836 350
206 1777 351 1854 ingemuit
374 1776 564 1856 lacrimisque
588 1794 694 1854 preces
717 1775 829 1836 adiuvit
852 1774 974 1835 obortis.

205 1865 252 1924 bis
275 1865 349 1924 baec
371 1864 464 1925 Roma
487 1867 592 1926 refert:
617 1860 731 1944 ‘longas
754 1866 894 1942 succinge
919 1863 1064 1944 querelas,

205 1972 223 2012 0
246 1952 350 2012 devota
372 1953 459 2014 mihi:
482 1955 590 2014 vindex
612 1953 669 2014 tibi
690 1955 811 2014 nomine
835 1953 935 2014 divum

204 2041 384 2102 Maiorianus
408 2045 473 2103 erit.
520 2043 572 2104 sed
595 2044 698 2122 paucis
721 2062 815 2122 pauca
837 2050 978 2103 retexam.

205 2149 241 2191 ex
265 2149 324 2210 quo
346 2130 533 2192 Theudosius
556 2134 724 2193 communia
746 2134 812 2192 iura
834 2132 933 2210 lugato

135 2233 186 2282 355
205 2219 335 2280 reddidit
358 2222 487 2281 auctoris
510 2221 604 2300 fratri,
627 2223 675 2281 cui
699 2228 817 2299 guttura
840 2220 929 2300 fregit

204 2315 272 2389 post
294 2311 326 2369 in
350 2327 381 2368 se
405 2308 546 2369 vertenda
569 2327 683 2391 manus,
706 2328 772 2370 mea
796 2308 890 2370 Gallia
913 2328 1015 2369 rerum

205 2401 359 2478 ignoratur
382 2397 478 2458 adbuc
501 2397 629 2457 dominis
652 2399 813 2476 ignaraque
838 2400 939 2458 servit.

205 2506 241 2548 01
265 2486 316 2546 1110
338 2485 464 2548 multum
487 2487 587 2567 periit,
611 2477 679 2564 quia
702 2488 837 2565 principe
861 2486 970 2568 clauso,

205 2578 340 2655 quisquis
364 2582 436 2658 erat,
459 2576 564 2635 miseri
586 2575 712 2634 diversis
734 2573 869 2654 partibus
893 2575 974 2635 orbis

138 2677 188 2728 310
206 2667 316 2731 vastari
339 2664 481 2726 sollemne
505 2664 569 2725 luit.
616 2682 691 2743 quae
714 2667 774 2724 vita
796 2662 936 2744 placeret,

204 2772 273 2814 cum
295 2761 395 2814 rector
417 2753 615 2814 moderandus
639 2749 724 2813 crat?
747 2758 915 2830 contempta
939 2758 983 2812 101
1005 2769 1098 2812 annos

205 2841 343 2903 nobilitas
367 2845 470 2906 iacuit:
494 2845 624 2922 pretium
647 2840 816 2920 respublica
839 2841 910 2901 lorti

203 2931 320 2992 rettulit
341 2932 491 2993 invidiam.
536 2934 677 3010 princeps
699 2931 774 2990 haec
797 2931 896 2990 omnia
918 2937 1021 2990 noster

204 3022 329 3098 corrigit
351 3028 438 3100 atquc
461 3027 546 3081 tuum
569 3023 648 3080 vires
671 3037 707 3080 cx
731 3018 869 3098 gentibus
893 3018 1005 3079 addens

139 3121 187 3172 365
207 3110 243 3171 ad
266 3108 377 3170 bellum
399 3129 454 3189 per
476 3108 552 3170 bella
576 3111 670 3191 renit3
693 3127 762 3169 nam
784 3109 931 3203 maximus
954 3108 1015 3167 isse
1039 3113 1094 3188 001,

186 3358 237 3407 336
261 3351 457 3420 Autololiaque
480 3353 574 3422 culpo,
602 3351 781 3420 autoloisque
804 3349 1025 3421 (antholoisque)
1052 3349 1129 3404 codd.

122 3424 130 3495 ll
158 3428 208 3478 348
234 3423 371 3479 rictorem
400 3425 437 3478 M
467 3426 477 3493 ll
508 3428 562 3477 350
588 3422 719 3492 adiungit
746 3423 774 3477 P
802 3426 895 3493 11351
922 3419 1037 3474 numine
1066 3420 1092 3474 Τ
1121 3419 1130 3491 Η

123 3500 167 3550 353
184 3494 282 3564 paucis
296 3497 387 3567 culpo,
404 3493 499 3565 parvis
513 3496 590 3551 codd.
607 3497 650 3563 (in
663 3511 717 3550 ros.
732 3492 789 3562 Pb)
806 3496 811 3564 l
827 3509 915 3562 perro
931 3492 955 3547 0
964 3494 974 3562 ΙΙ
988 3496 1039 3546 353
1054 3489 1130 3560 quis·

124 3565 183 3634 qnid
204 3567 250 3637 0³,
270 3567 405 3636 quicquid
425 3566 513 3636 0pr
527 3571 577 3620 361
598 3566 745 3621 moderans
765 3565 846 3620 derat
864 3565 1038 3635 Mommsenll
