2614 4030
335 221 504 277 SIDONIUS
522 220 663 277 ΕΟΒΙΟΙΟ
683 221 753 277 SUO
773 221 950 278 SALUTEM.
1108 222 1152 288 29

138 391 251 453 nasquc
275 375 463 452 miserorum,
487 389 560 451 quas
583 370 627 432 ibi
650 389 686 432 ex
706 379 789 452 parte
809 375 1026 452 propinaverat,
1048 371 1097 432 hic
1117 391 1153 433 ex

139 481 205 524 asse
223 464 373 523 misceret.
412 458 441 522 2.
462 463 567 521 scitote
585 462 617 520 in
636 479 671 521 eo
690 479 745 540 per
764 460 828 522 dies
843 463 981 540 spiritum
1000 461 1051 522 diu
1066 461 1153 522 dissi·

138 552 244 613 muloti
266 551 376 611 furoris
400 552 523 630 aperiri:
547 556 648 629 aperte
669 549 790 630 invidet,
813 549 926 611 abiecte
945 551 1038 631 fingit,
1062 553 1153 611 servi-

139 641 210 702 liter
232 639 380 720 superbit,
403 639 508 699 indicit
531 646 565 699 ut
588 639 735 720 dominuS,
758 640 850 717 exigit
871 646 906 699 ut
927 646 1081 721 tyrannus,
1103 639 1153 700 ad-

140 731 213 791 dicit
236 737 270 790 ut
291 729 394 809 iudex,
417 727 613 789 calumniatur
635 736 669 789 ut
690 727 848 809 barbarus3
875 734 937 788 toto
961 728 1010 788 die
1033 747 1050 788 a
1072 735 1154 789 metu
1182 745 1194 785 o

140 826 281 899 armatuS,
304 817 340 878 ab
360 819 482 878 avaritia
500 819 628 898 ieiunus,
646 836 663 878 a
682 817 843 896 cupiditate
862 816 1015 898 terribilis,
1039 819 1154 878 avani-

140 915 201 969 tate
225 905 355 968 crudelis
378 924 438 966 non
462 913 559 966 cessat
577 907 667 967 simul
689 907 767 967 lurta
787 905 834 966 vel
851 908 958 985 punire
977 905 1025 966 vel
1043 905 1155 988 facere3

141 995 238 1077 palam
266 1002 296 1056 et
323 994 490 1056 ridentibus
514 997 682 1056 convocatis
704 1002 802 1056 ructat
826 997 907 1055 inter
929 997 1009 1056 cives
1031 1013 1155 1076 pugnas,

141 1089 222 1146 inter
248 1084 390 1145 barbaros
417 1084 544 1165 htteras;
572 1083 727 1165 epistulas,
755 1102 792 1144 ne
820 1085 925 1163 primis
950 1084 1073 1164 quidem
1093 1086 1155 1163 api-

142 1174 227 1236 cibus
256 1174 439 1235 sufficienter
466 1175 614 1254 initiatus,
643 1172 761 1252 publice
785 1191 801 1233 a
824 1175 963 1234 iactantia
985 1173 1090 1254 dictat,
1119 1171 1155 1233 ab
1170 1189 1196 1228 ιο

142 1263 326 1343 impudentia
355 1262 505 1343 emendat,
537 1259 566 1324 3.
594 1269 703 1343 totum,
736 1261 815 1341 quod
843 1265 1040 1344 concupiscit,
1071 1264 1156 1341 quasi

143 1359 294 1432 comparat
320 1369 377 1412 nec
404 1351 453 1412 dat
480 1353 576 1430 pretia
604 1359 797 1413 contemnens
824 1369 880 1412 nec
907 1353 1016 1429 accipit
1044 1353 1155 1412 instru-

142 1448 242 1502 menta
270 1441 446 1522 desperans,
473 1443 507 1500 in
534 1440 660 1501 concilio
688 1439 771 1501 iubet
797 1442 829 1500 in
852 1440 976 1518 consilio
1004 1447 1097 1521 tacet,
1125 1441 1156 1500 in

143 1530 269 1591 eeclesia
292 1533 407 1590 iocatur
429 1531 461 1589 iu
484 1531 618 1590 convivio
641 1528 801 1610 praedicat,
823 1531 855 1590 in
878 1528 1014 1591 cubiculo
1037 1529 1157 1590 damnat

143 1622 175 1680 in
204 1621 375 1698 quaestione
404 1619 556 1700 dormitat;
588 1619 692 1698 implet
721 1618 829 1679 cotidie
858 1618 946 1678 silvas
973 1617 1156 1697 fugientibus
1171 1633 1196 1674 rs

143 1707 227 1769 villas
245 1707 391 1789 hostibus,
410 1706 513 1768 altaria
527 1710 588 1768 reis
603 1725 738 1768 carceres
753 1707 884 1787 clericis3
903 1706 1038 1768 exultans
1053 1705 1157 1767 Gothis

144 1796 350 1876 insultansque
382 1795 535 1879 Romanis,
572 1796 709 1858 inludens
746 1795 904 1876 praelectis
936 1794 1157 1874 conludensque

144 1888 337 1966 numerariis,
360 1885 440 1964 leges
464 1885 685 1947 Theudosianas
709 1885 824 1946 calcans
848 1884 1157 1962 Theudoricianasque

143 1993 314 2055 proponens
333 1981 449 2035 veteres
473 1974 583 2056 culpas,
605 1994 680 2036 nova
704 1973 817 2036 tributa
838 1975 994 2053 perquirit.
1035 1969 1065 2034 4.
1088 1990 1158 2052 pro-

144 2064 214 2124 inde
238 2081 336 2124 moras
359 2070 426 2124 tuas
450 2066 526 2124 citus
549 2063 665 2143 explica
687 2072 717 2125 et
740 2063 882 2144 quicquid
904 2062 977 2123 illud
1001 2070 1056 2144 est,
1079 2061 1157 2141 quod
1172 2079 1199 2120 ιο

144 2160 174 2214 te
199 2159 340 2234 retentat,
368 2152 475 2214 incide.
520 2159 550 2212 te
574 2160 725 2232 exspectat
747 2152 953 2232 palpitantium
976 2154 1085 2213 civium
1109 2169 1158 2212 ex-

144 2249 241 2302 trema
258 2241 390 2302 libertas.
421 2240 562 2320 quicquid
578 2242 767 2323 sperandum,
785 2241 927 2321 quicquid
942 2241 1159 2321 desperandum

145 2339 201 2411 est,
220 2331 334 2391 berito
353 2330 460 2411 medio,
479 2337 508 2390 te
527 2330 664 2410 praesule
682 2330 787 2410 placet.
820 2333 846 2391 si
865 2330 961 2391 nullae
977 2329 1159 2410 erepublica

145 2422 239 2500 vires,
261 2418 341 2480 nulla
364 2419 525 2500 praesidia,
549 2421 575 2479 si
597 2419 708 2500 nullae,
732 2426 875 2498 quantum
893 2437 996 2480 rumor
1020 2427 1078 2501 est,
1101 2419 1159 2479 An-

145 2508 251 2569 themii
274 2509 419 2588 principis
443 2526 524 2589 opes,
547 2511 650 2569 statuit
672 2516 702 2569 te
726 2515 846 2569 auctore
869 2508 1009 2569 nobilitas
1032 2527 1086 2569 seu
1108 2526 1159 2587 pa·
1173 2525 1199 2565 es

145 2599 235 2658 triam
258 2597 407 2658 dimittere
431 2615 485 2657 seu
508 2595 638 2676 capillos.
679 2596 751 2658 vale,

221 2827 235 2874 1
255 2813 326 2890 quas'
343 2825 367 2891 (s
385 2838 406 2877 s.
426 2822 444 2876 t.
463 2822 528 2878 add.
542 2821 646 2891 M¹)M,
670 2837 726 2889 quo
749 2821 776 2875 V
793 2823 797 2892 Ι
814 2820 855 2875 ibi
872 2820 948 2889 LN,
970 2822 1017 2876 sed
1034 2819 1083 2874 ille
1101 2837 1122 2875 e.
1142 2821 1160 2875 l·

145 2895 220 2950 inter
234 2909 304 2962 quas
318 2899 343 2948 et
360 2891 403 2946 ibi
417 2894 481 2949 add.
492 2893 526 2948 N
526 2893 544 2961 ¹,
561 2891 610 2947 ille
621 2891 663 2946 ibi
677 2892 716 2947 M
719 2893 777 2961 OT,
794 2892 845 2946 ille
859 2890 915 2946 sibi
928 2893 975 2962 Vl
990 2899 1005 2946 τ)
1023 2892 1085 2946 tota
1101 2891 1139 2945 M
1141 2891 1165 3018 pp

148 2970 182 3018 12
202 2964 237 3031 cf.
253 2964 333 3036 (drop.
350 2965 417 3021 Twr.
431 2965 493 3020 bist.
509 2963 613 3020 Frena.
628 2965 683 3032 IV,
697 2968 734 3019 12
749 2968 758 3033 l
773 2968 806 3017 to
824 2963 935 3017 iocatur
952 2962 983 3016 in
1001 2961 1120 3016 ecclesia

146 3037 155 3108 ll
177 3040 210 3089 16
229 3034 359 3090 hostibus
377 3035 440 3105 Lo,
458 3034 619 3105 hospitibus
638 3035 672 3088 N
678 3033 745 3088 VM
749 3035 784 3103 T,
808 3033 939 3089 hostibus
962 3050 983 3090 s.
1001 3034 1019 3088 l.
1039 3034 1103 3088 odd.
1124 3034 1161 3087 T¹

147 3111 156 3178 lt
177 3111 210 3160 18
229 3105 431 3161 theodosianas
454 3106 493 3170 L,
516 3105 717 3161 theodosianus
740 3104 834 3161 Mor
852 3106 856 3178 Ι
876 3102 1160 3172 theodoricianasque

148 3177 226 3317 ῧῗί,
252 3177 534 3318 ὲὴῖυὰοιίοὲαῇιαεᾳυο
554 3176 586 3247 0,
612 3175 893 3246 theodoricianasque
914 3177 959 3247 ΤΗ
973 3180 1008 3229 20
1027 3179 1071 3230 est
1088 3175 1161 3230 illud

184 3254 189 3318 Ι
208 3254 243 3302 24
262 3265 290 3302 es
322 3266 373 3305 om.
