2614 4030
305 205 474 262 SIDONIUS
492 205 657 261 HERENIO
677 205 745 261 SUO
766 206 942 262 SALUTEM.
1108 209 1128 272 9

115 373 255 436 aggerem
278 354 412 417 calcabili
436 354 518 415 silice
542 362 705 416 crustatum
724 357 864 435 crypticis
888 354 1015 416 arcubus
1037 355 1128 416 forni-

116 448 201 506 cavit.
248 444 345 504 'licini
367 445 532 504 cursoriam
556 437 614 527 (sic
637 446 753 523 navigio
772 437 896 528 nomen)
920 444 1048 524 ascendi,
1072 463 1129 524 qua

116 537 147 595 in
178 533 343 594 Eridanum
377 531 462 593 brevi
498 532 613 593 delatus
645 539 776 594 cantatas
813 551 900 613 saepe
934 533 1129 595 comissaliter

115 622 203 684 nobis
222 621 469 683 Phaethontiadas
489 629 519 682 et
537 623 757 683 commenticias
776 620 895 683 arborei
913 621 1025 682 metalli
1043 622 1128 683 lacri-

5 723 37 768 .·
115 730 179 773 mas
204 713 267 772 risi.
312 701 342 772 4.
366 697 501 772 ulvosum
524 709 683 784 Lambrum
708 709 858 771 caerulum
881 710 1022 792 Adduam,
1049 711 1127 772 velo·
1155 728 1168 768 s

116 819 182 862 cem
205 800 339 861 Athesim
362 801 481 879 pigrum
499 798 650 881 Mincium,
674 801 725 879 qui
743 798 903 878 Ligusticis
921 798 1128 881 Euganeisque

116 888 269 951 montibus
293 886 478 968 oriebantur,
505 887 625 966 paulum
647 906 703 967 per
726 890 801 960 ostia
824 888 947 949 adversa
969 887 1128 950 subvectus

115 983 146 1040 in
176 981 239 1038 suis
267 980 358 1038 etiam
386 977 553 1055 gurgitibus
585 979 715 1058 inspexi3
747 995 873 1056 quorum
900 979 983 1056 ripae
1011 979 1127 1056 torique

114 1069 228 1148 passim
256 1068 377 1146 quernis
410 1067 585 1144 acernisque
618 1064 791 1126 nemoribus
820 1065 1029 1127 vestiebantur.
1079 1066 1128 1127 hic

115 1159 220 1217 avium·
237 1173 380 1216 resonans
404 1153 489 1214 dulce
513 1161 684 1234 concentus,
708 1154 816 1234 quibus
839 1157 969 1216 nuncin
992 1157 1128 1216 concavis
1143 1174 1169 1213 ιο

114 1243 347 1325 harundinibus,
374 1260 453 1303 nunc
481 1261 598 1322 quoque
626 1245 657 1303 in
685 1245 781 1320 iuncis
808 1244 1022 1325 pungentibus,
1049 1262 1129 1304 nunc

115 1343 146 1394 et
173 1335 206 1394 in
234 1335 341 1411 scirpis
369 1330 514 1394 enodibus
542 1331 680 1392 nidorum
708 1334 799 1393 struis
827 1335 964 1412 imposita
992 1332 1128 1414 nutabat3

116 1441 193 1502 quae
218 1428 322 1483 cuncta
345 1420 471 1500 virgulta
495 1420 695 1481 tumultuatim
719 1440 809 1501 super
830 1424 961 1500 amnicos
979 1424 1129 1501 margines

116 1511 174 1572 soli
197 1509 292 1572 bibuli
322 1529 392 1571 suco
420 1510 481 1573 iota
509 1509 727 1570 fruticaverant.
773 1507 803 1572 5.
827 1517 915 1590 atque
939 1510 1036 1572 obiter
1058 1510 1128 1571 Cre-

114 1618 235 1661 monam
258 1605 433 1678 praevectus
452 1598 566 1679 adveni,
590 1600 674 1658 cuius
698 1605 744 1659 est
763 1598 833 1658 olim
851 1599 952 1678 Tityro
971 1599 1128 1660 Mantuano
1144 1618 1169 1659 1a

117 1688 234 1768 largum
270 1689 418 1767 suspirata
453 1689 636 1766 proximitas.
691 1685 847 1748 Brixillum
879 1687 948 1748 dein
981 1688 1130 1767 oppidum,

117 1778 188 1838 dum
213 1776 385 1838 succedenti
407 1775 570 1870 {emiliano
598 1783 704 1837 nautae
728 1776 845 1836 decedit
867 1775 996 1837 Venetus
1019 1795 1130 1857 remex,

115 1874 245 1947 tantum,
277 1872 310 1926 ut
338 1867 501 1945 exiremus,
533 1867 717 1946 intravimus,
748 1863 916 1928 Ravennam
947 1864 1034 1944 paulo
1063 1873 1130 1944 post

117 1974 208 2016 cursu
236 1955 403 2041 dexteriore
432 1953 607 2035 subeuntes3
640 1973 698 2033 quo
732 1953 790 2014 loci
820 1961 951 2023 veterem
981 1956 1129 2014 civitatem

115 2062 284 2122 novumque
321 2050 440 2122 portum
477 2042 574 2104 media
610 2045 657 2104 via
689 2042 824 2114 Caesaris
861 2042 991 2122 ambigas
1028 2050 1129 2104 utrum
1143 2063 1170 2102 so

115 2140 251 2194 conectat
274 2151 311 2192 an
334 2138 459 2212 separet.
505 2133 629 2210 insuper
652 2131 793 2212 oppidum
816 2132 923 2212 duplex
947 2151 1017 2211 pars
1036 2134 1129 2193 inter·

115 2222 172 2284 luit
184 2221 256 2282 Padi
276 2229 364 2300 certa,
386 2239 455 2299 pars
479 2219 575 2300 alluit,
599 2222 651 2300 qui
674 2219 710 2281 ab
730 2221 811 2281 alveo
829 2221 988 2301 principali
1005 2220 1128 2281 molium

115 2310 302 2391 publicarum
335 2309 503 2388 discerptus
537 2308 655 2370 obiectu
688 2317 718 2370 et
748 2328 803 2389 per
837 2310 956 2371 casdem
988 2310 1128 2371 derivatis

117 2398 286 2461 tramitibus
310 2398 471 2460 exhaustus
495 2401 538 2458 sic
562 2397 680 2459 dividua
704 2398 814 2459 fluenta
833 2401 970 2480 partitur,
992 2408 1026 2460 ut
1043 2418 1128 2478 prae-

114 2488 205 2550 beant
233 2487 390 2548 moenibus
420 2487 599 2548 circumfusa
631 2487 826 2569 praesidium,
858 2489 956 2549 infusa
984 2505 1127 2548 commer-
1142 2507 1168 2548 2⁵

115 2580 216 2639 cium·
245 2573 274 2639 6.
293 2577 342 2637 hic
362 2595 429 2637 cum
447 2582 648 2655 peroportuna
667 2583 772 2637 cuncta
791 2579 944 2658 mercatui,
962 2585 1025 2638 tum
1044 2596 1129 2656 prae-

116 2669 203 2745 cipue
228 2666 306 2745 qnod
330 2667 396 2727 esui
420 2671 610 2744 competeret,
634 2664 835 2746 deferebatur3
863 2667 922 2726 nisi
945 2666 1033 2747 quod,
1061 2684 1129 2726 cum

116 2774 182 2817 sese
205 2755 274 2840 hinc
299 2753 408 2820 salsum
431 2755 526 2833 portis
550 2753 671 2832 pelagus
694 2756 886 2836 impingeret,
915 2754 985 2815 hino
1009 2754 1129 2815 cloacali
1183 2764 1186 2770 ’

187 3004 203 3050 2
223 2995 339 3050 ascendi
359 3000 439 3064 (corr.
459 2996 621 3052 crescendi
641 2998 678 3051 M
685 2995 752 3064 ²)M
756 2995 808 3051 OT
819 2997 859 3065 113
877 2995 957 3050 brevi
975 3012 1025 3052 om.
1045 2996 1084 3063 L,
1106 3013 1127 3052 s.

116 3070 133 3123 l.
149 3069 212 3124 add.
233 3068 276 3134 Vl
293 3068 424 3121 cantatas
443 3086 464 3122 s.
480 3086 503 3122 c.
517 3067 600 3122 nobis
619 3085 669 3123 om.
684 3084 724 3137 sp.
739 3072 779 3122 28
798 3067 849 3122 litt.
866 3083 923 3123 cac.
938 3068 975 3136 L,
992 3069 1024 3122 ire
1041 3085 1128 3139 oraro.

115 3141 179 3196 add.
204 3140 297 3209 Vll12
318 3155 353 3192 en
378 3143 460 3208 (apl
484 3139 536 3195 litt,
559 3142 629 3207 occ.)
654 3137 738 3193 dibus
760 3136 828 3191 nido
853 3142 956 3206 (⁸1212
981 3139 1033 3194 litt.
1056 3143 1128 3206 cac.)

114 3208 282 3336 uiqppnpoqi
301 3214 352 3279 (sp.
367 3214 386 3263 8
404 3210 456 3265 litt.
472 3213 545 3293 cao.)
561 3226 644 3334 tqqaet
657 3211 714 3335 LNl
740 3206 829 3334 strpip,
844 3209 882 3333 Itv’
902 3212 1000 3293 strues·
1012 3209 1106 3334 ΜΤῗἵ
1123 3211 1126 3282 1

114 3299 165 3407 ut
184 3285 449 3422 curatur
465 3282 668 3420 esseut
832 3284 1128 3420 cattorum

114 3425 153 3479 M
157 3424 223 3487 OT;
251 3426 286 3492 of.
314 3424 392 3495 Verg.
421 3424 467 3478 ecl.
491 3425 552 3491 IX,
575 3429 615 3479 28
646 3426 656 3493 11
689 3429 722 3477 21
747 3421 862 3492 duplex:
889 3439 956 3492 pars
982 3423 1129 3495 distinguit

113 3497 280 3564 Mcmmceo‚·
302 3497 349 3550 sed
371 3495 449 3550 certe
467 3496 515 3549 otc
532 3511 631 3550 cauum
653 3497 662 3564 11
685 3500 718 3548 22
739 3495 833 3549 cetera
853 3493 884 3548 F
906 3495 910 3564 1
931 3501 994 3564 post
1013 3493 1061 3563 qui
1080 3496 1128 3566 leg.

113 3567 205 3622 vadus
224 3569 256 3621 in
276 3567 370 3635 Τ1126
391 3582 454 3619 cum
472 3567 531 3621 secl.
551 3565 728 3636 Luetjohaou
751 3569 760 3636 11
