2580 4042
472 209 626 265 CARMEN
644 212 741 267 XXIV.

258 357 434 419 laudandam
457 378 526 420 reor
549 363 786 442 occupationem3

187 458 239 508 485
259 447 365 507 horum
389 451 508 510 nomina
531 467 599 509 cum
622 450 736 511 referre
760 469 848 512 versu

258 536 381 597 allectus
405 540 513 618 cupiat,
535 545 665 599 metrum
688 547 814 600 recusat.

301 624 377 686 Hinc
399 644 454 687 nos
477 627 513 687 ad
536 629 687 706 propriam
710 628 830 690 domum
854 629 987 713 vocabas,

258 732 325 775 cum
349 733 434 776 mane
459 718 572 776 exierat
594 735 702 777 novum
726 725 755 778 et
778 717 929 779 calescens

256 803 360 863 horam
383 803 427 863 sol
450 804 538 866 dabat
561 804 683 866 alteram
707 807 874 868 secundam.

185 892 304 953 leobio
327 911 467 972 promens
490 900 601 955 teretes
623 894 699 974 pilas
721 896 911 979 trochosque,

255 980 304 1041 hic
326 981 401 1042 talos
425 982 639 1062 crepitantibus
662 984 773 1045 fritillis

255 1088 310 1130 nos
334 1071 370 1131 ed
392 1070 516 1132 verbera
540 1079 688 1134 tractuum
713 1081 871 1155 struentes,

255 1166 405 1237 tamquam
429 1159 616 1242 Naupliades,
639 1170 775 1241 repertor
798 1165 880 1244 artis,

255 1247 403 1326 gaudebas
426 1248 551 1310 hilarem
575 1252 654 1311 ciere
677 1252 780 1311 rixam.

183 1345 235 1395 495
254 1336 325 1397 binc
348 1337 384 1397 ad
407 1336 520 1420 balnea,
543 1357 603 1399 non
625 1338 793 1401 Neroniana

178 1478 185 1484 .
254 1443 310 1487 nec
334 1443 408 1505 quae
431 1427 560 1507 Agrippa
580 1428 665 1488 ‘dedit
686 1428 734 1488 uel
756 1427 814 1510 ille,
838 1431 924 1491 curius

253 1513 373 1575 bustum
397 1514 574 1576 Dalmaticae
596 1517 699 1578 rident
721 1517 853 1599 Salonae,

253 1603 288 1664 ad
312 1604 444 1665 thermas
466 1611 565 1666 tamen
588 1608 632 1666 ire
657 1606 709 1666 sed
732 1605 842 1667 libebat

253 1695 367 1772 privato
390 1692 467 1754 bene
490 1693 639 1773 praebitas
662 1695 778 1774 pudori.

182 1790 235 1841 550
253 1788 322 1860 post
344 1800 417 1861 quas
441 1800 495 1844 nos
518 1791 569 1844 tua
592 1783 697 1863 pocula
720 1791 749 1844 et
772 1791 891 1845 tuarum

252 1869 402 1931 Musarum
425 1872 541 1934 medius
564 1880 647 1933 torus
671 1872 801 1953 tenebat,

253 1958 354 2037 quales
378 1977 433 2021 nec
457 1968 568 2023 statuas
591 1963 795 2042 imaginesque

253 2065 321 2108 aere
345 2056 395 2109 aut
417 2051 615 2112 marmoribus
639 2050 847 2131 coloribusque

251 2135 375 2217 Mentor,
399 2135 569 2219 Praxiteles,
592 2140 702 2220 Scopas
727 2140 881 2222 dederunt,

180 2236 231 2286 505
252 2231 376 2304 quantas
399 2244 454 2286 nec
477 2226 643 2307 Polycletus
666 2230 730 2308 ipse
754 2231 839 2291 linxit

250 2332 305 2374 nec
329 2315 362 2374 bt
384 2313 504 2375 Fidiaco
529 2316 623 2394 figura
646 2317 734 2378 caelo.

296 2402 353 2463 Sed
377 2405 436 2464 iam
459 2411 488 2465 te
511 2407 626 2465 veniam
650 2405 820 2485 loquacitati

251 2494 405 2570 quingenti
427 2492 665 2573 hendecasyllabi
687 2503 854 2574 precantur.

250 2587 374 2662 tantum,
398 2584 455 2643 etsi
478 2582 600 2665 placeat,
622 2602 728 2663 poema
750 2583 871 2664 longum
894 2593 947 2646 est.

179 2680 230 2730 510
250 2670 368 2730 iamiam
392 2671 511 2752 sufficit,
535 2674 598 2750 ipse
622 2680 652 2733 et
674 2673 829 2752 impediris

250 2758 375 2820 multum
397 2761 429 2820 in
453 2762 583 2821 carmine
607 2761 763 2840 perlegens
787 2764 924 2843 amicum,

251 2847 480 2910 dormitantibus
504 2851 685 2910 otiosiorem.

538 3039 656 3105 XXIV.

314 3157 599 3217 PROPEMPTICON
616 3163 666 3216 AD
685 3162 876 3218 LIBELLUM.

291 3270 438 3352 Egressus
462 3274 575 3336 foribus
599 3279 683 3358 meis,
706 3275 813 3358 libelle,

247 3359 323 3422 banc
347 3380 465 3424 servare
489 3366 574 3447 riam,
596 3383 712 3447 precor,
735 3374 898 3448 memento,

94 3579 132 3620 om
154 3498 209 3635 {91¹8
225 3498 260 3564 cs.
275 3513 297 3554 c.
308 3497 365 3567 IX,
375 3501 432 3556 332
446 3501 456 3569 l
471 3504 520 3556 501
537 3499 638 3555 chorus
652 3502 749 3573 oulqo;
763 3501 862 3557 thorus
877 3504 954 3560 codd.
992 3510 1044 3561 509
1060 3507 1105 3560 eat
