2636 4032
195 177 259 240 112
353 235 355 241 .
555 175 663 230 LIBER
682 173 848 240 QUINTUS.

192 324 334 386 adhiberi.
381 323 412 387 6.
434 323 482 384 his
510 323 644 384 moribus
673 323 803 384 obruunt
825 326 922 384 virum
949 341 1009 385 non
1032 325 1131 384 minus
1156 323 1215 384 bo·
1306 326 1307 355 ¹

192 416 283 474 nitate
307 431 396 493 quam
418 420 565 492 potestate
588 420 796 492 praestantem.
839 413 890 473 sed
916 413 988 492 quid
1011 413 1099 474 faciat
1121 431 1216 494 unus,

191 504 323 582 undique
337 510 481 563 venenato
496 501 619 562 vallatus
640 498 825 581 interprete?
854 502 934 583 quid,
956 503 1087 583 inquam,
1110 502 1214 584 faciat,

192 594 241 652 cui
264 598 369 652 natura
392 610 460 652 cum
487 590 588 672 bonis,
620 593 679 651 vita
707 609 775 652 cum
803 590 888 651 malis
917 587 984 651 est?
1020 590 1214 670 adquorum

166 680 316 741 sconsilia
334 679 467 741 Phalaris
492 682 644 741 cruentior
661 679 740 741 Mida
762 680 908 760 cupidior,
930 680 1029 741 Ancus
1053 681 1215 741 iactantior

192 769 372 849 Tarquinius
392 768 558 849 superbior,
581 768 720 830 'libertus
739 767 875 830 callidior
893 768 983 829 Gaius
1002 767 1213 850 periculosior,

193 858 332 920 Claudius
357 859 511 919 socordior
529 857 608 918 Nero
632 859 791 939 impurior,
810 856 900 918 Galba
923 859 1037 918 avarior
1056 856 1133 918 Otho
1158 877 1214 920 au-

193 948 303 1029 dacior,
328 947 463 1008 Vitellius
487 949 690 1027 sumptuosior
712 946 897 1008 Domitianus
920 945 1118 1007 truculentior
1140 947 1213 1008 red-

193 1036 323 1097 deretur.
380 1035 408 1098 7.
441 1055 526 1117 sane,
563 1036 642 1114 quod
673 1034 878 1116 principaliter
912 1035 1048 1095 medetur
1080 1035 1213 1116 afflictis²

153 1148 179 1188 ιο
192 1132 339 1204 temperat
370 1124 573 1186 Lucumonem
610 1132 746 1186 nostrum
782 1123 926 1203 Tanaquil
963 1143 1016 1185 sua
1053 1131 1083 1184 et
1119 1143 1211 1184 aures
1306 1178 1307 1183 ,

192 1216 292 1274 mariti
328 1215 427 1274 virosa
464 1231 660 1275 susurronum
696 1213 778 1274 faece
811 1211 973 1292 completas
1005 1215 1209 1291 oportunitate

193 1301 264 1362 salsi
287 1305 436 1362 sermonis
466 1303 614 1363 eruderat.
660 1305 745 1363 cuius
770 1303 868 1363 studio
893 1300 1029 1380 [factum]
1055 1304 1132 1362 scire
1155 1320 1211 1362 vos

192 1409 246 1469 par
270 1398 315 1452 est
336 1390 411 1451 nihil
430 1393 550 1452 iuterim
570 1393 664 1471 quieti
683 1391 808 1452 fratrum
828 1393 1029 1452 communium
1047 1389 1124 1470 apud
1143 1393 1210 1452 ani·

193 1497 275 1540 mum
311 1483 476 1541 communis
512 1482 631 1560 patroni
666 1482 818 1541 iuniorum
850 1479 1056 1560 Cibyratarum
1091 1496 1209 1540 venena

153 1592 178 1631 15
192 1570 331 1630 nocuisse
363 1587 461 1649 neque
498 1572 657 1649 quicquam
694 1568 750 1630 deo
782 1571 963 1648 propitiante
995 1570 1143 1648 nocitura,
1183 1570 1210 1629 si

192 1658 289 1739 modo,
307 1659 448 1737 quamdiu
465 1676 608 1738 praesens
626 1665 759 1737 potestas
773 1657 1002 1737 Lugdunensem
1017 1656 1210 1718 Germaniam

192 1749 278 1828 regit,
305 1755 439 1808 nostrum
469 1765 615 1826 suumque
640 1745 850 1808 Germanicum
876 1764 1020 1826 praesens
1043 1745 1208 1826 Agrippina

192 1836 371 1898 moderetur.
416 1835 488 1896 vale.

654 2042 742 2109 VIII.

357 2164 524 2220 SlDONlUS
544 2163 750 2221 SECUNDINO
771 2164 840 2221 SUO
861 2165 1040 2221 SALUTEM.

153 2301 179 2340 so
263 2278 289 2340 1.
312 2277 369 2339 Diu
392 2278 514 2358 quidem
536 2285 591 2359 est,
614 2279 693 2358 quod
716 2286 746 2339 te
769 2278 948 2340 hexametris
968 2279 1142 2340 familiarius
1161 2281 1209 2340 in-
1307 2351 1308 2358 ἵ

193 2368 372 2428 servientem
402 2374 555 2447 stupentes
586 2368 851 2447 praedicantesque
881 2366 1094 2430 lectitabamus.
1142 2376 1209 2430 erat

194 2456 340 2535 siquidem
363 2458 487 2517 materia
509 2457 649 2538 iucunda,
680 2475 733 2518 seu
761 2456 908 2536 nuptiales
931 2456 987 2518 tihi
1008 2456 1208 2518 thalamorum

192 2545 272 2606 faces
305 2547 365 2605 sive
397 2545 548 2625 perfossae
578 2547 670 2624 regiis
703 2545 812 2607 ictibus
829 2541 921 2606 ¹ferae
954 2545 1208 2608 describerentur.
1307 2559 1308 2580 ³

193 2633 245 2694 sed
274 2633 442 2713 triplicibus
470 2632 618 2695 trochaeis
645 2652 741 2714 nuper
768 2637 798 2694 in
828 2641 956 2695 metrum
983 2634 1205 2714 hendecasylla-
1305 2627 1308 2650 '³

153 2723 263 2785 esbum
296 2725 508 2803 compaginatis
535 2722 622 2803 nihil,
654 2742 691 2784 ne
721 2730 772 2784 tuo
803 2724 923 2802 quidem
951 2723 1075 2804 iudicio,
1108 2723 1207 2784 simile
1307 2761 1308 2794 2

192 2812 297 2874 fecisti.
335 2809 363 2873 2.
388 2813 462 2872 deus
485 2812 571 2892 bone,
594 2812 666 2891 quid
689 2810 749 2872 illic
773 2813 872 2872 inesse
894 2811 971 2872 fellis
990 2811 1101 2892 leporis
1121 2814 1206 2892 pipe-
1307 2827 1308 2832 ’

191 2907 343 2980 rataeque
364 2901 516 2962 facundiae
554 2901 676 2961 minime
708 2903 815 2961 tacitus
847 2899 977 2980 inspexi!
1034 2903 1095 2962 nisi
1127 2901 1207 2980 quod

192 2990 333 3051 ferventis
356 2989 468 3051 fulmen
491 2991 604 3068 ingenii
626 2996 657 3050 et
679 2988 790 3068 eloquii
814 2988 890 3050 salsa
909 2989 1031 3052 libertas
1050 2988 1118 3069 plus
1136 3008 1206 3069 per-

192 3081 274 3139 sonis
298 3079 373 3140 forte
398 3097 486 3159 quam
509 3081 607 3139 causis
627 3077 878 3159 impediebantur3
901 3086 935 3138 ut
958 3079 1032 3139 mihi
1052 3097 1113 3139 non
1131 3079 1206 3157 ligu-

152 3170 285 3230 acratius
300 3167 486 3229 Constantini
509 3168 629 3228 domum
652 3169 800 3246 vitamque
823 3167 959 3228 videatur
977 3167 1024 3228 vel
1042 3168 1206 3247 pupugisse
1302 3193 1308 3262 q

265 3397 296 3446 11
316 3391 439 3460 repletas
459 3393 485 3446 Τ
505 3394 514 3462 ll
539 3397 570 3446 tn
590 3390 657 3446 falsi
675 3391 758 3460 ΜΤΙ
774 3391 882 3445 fectum
901 3389 998 3459 LNU,
1021 3407 1073 3447 om.
1092 3391 1126 3458 V,
1144 3407 1165 3446 s.
1185 3391 1204 3446 l.

192 3463 255 3517 add.
275 3462 314 3516 M
317 3461 374 3531 ¹1¹²,
393 3464 453 3518 secl.
473 3461 610 3518 Simoud.
633 3466 643 3533 l
665 3467 699 3517 26
718 3462 794 3517 fellis
812 3463 878 3518 ΒΝ
886 3463 951 3535 UT,
970 3462 1016 3516 vel
1034 3460 1126 3516 mellis
1144 3478 1166 3518 s.
1186 3463 1205 3518 l.

192 3534 255 3588 add.
276 3534 322 3600 Τῇ
340 3532 432 3587 mellis
453 3531 477 3588 U
491 3540 517 3588 et
534 3534 566 3588 a'u
583 3551 637 3589 rus.
653 3534 699 3588 M*
712 3536 722 3603 ΙΙ
