2660 4030
347 188 515 245 SIDONIUS
534 189 702 246 NAMATIO
722 190 790 247 SUO
810 191 987 247 SALUTEM.
1105 193 1168 257 177

39 391 45 398 .
151 341 237 418 ipsas
260 338 297 400 de
320 346 350 400 te
374 339 484 418 aliquid
512 347 579 418 post
606 347 636 400 te
664 357 821 418 superesse
849 360 909 403 non
936 341 1047 404 deceat.
1092 345 1170 404 vivet

152 428 250 508 ilicet,
278 429 357 488 vivet
379 430 411 488 iu
438 434 593 507 posterum
620 431 750 490 nominis
778 431 823 491 tui
850 429 951 508 gloria.
998 429 1027 494 2.
1051 450 1119 492 nam
1143 435 1170 493 si

149 536 213 596 qua
231 519 342 578 nostris
363 517 617 596 qualitercumque
637 519 731 596 gratia
749 522 916 580 reverentia
934 520 1008 580 fides
1025 520 1169 584 chartulis

152 607 243 687 inest,
266 608 341 668 sciat
363 612 443 666 aetas
466 605 532 666 volo
551 614 687 686 postuma
706 606 780 667 nihil
798 614 849 669 tua
867 608 925 669 fide
940 609 1055 670 firmius
1074 609 1169 671 forma

150 684 322 775 pulchrius,
350 697 497 773 sententia
521 697 629 756 iustius
656 697 799 775 patientia
826 696 1014 778 tolerantiuS,
1043 699 1167 760 consilio
1196 719 1210 759 s

149 785 273 862 gravius
288 781 431 844 'convivio
455 782 561 846 laetius
585 784 732 864 colloquio
752 787 920 848 iucundius.
958 786 1030 848 illud
1050 807 1168 869 quoque

146 891 245 952 ‚supra
269 881 368 934 cetera
391 881 540 954 agnoscet,
562 876 720 952 praeconia
744 873 880 936 laudibus
899 879 958 937 tuis
978 895 1014 938 ex
1033 884 1169 938 votorum

150 964 365 1022 contrarietate
388 964 514 1024 venisse.
555 981 624 1024 nam
646 981 739 1042 prope
764 971 817 1045 est,
840 972 874 1027 ut
896 967 1076 1028 eminentius
1100 985 1168 1028 cen·

152 1058 266 1132 scatur,
292 1050 372 1129 quod
393 1051 594 1131 probaverunt
615 1059 646 1112 te
669 1052 791 1112 adversa
815 1061 1007 1135 constantem,
1031 1073 1119 1134 quam
1143 1058 1169 1121 si

150 1139 286 1200 celarent
309 1140 438 1201 secunda
461 1139 586 1202 felicem.
627 1139 699 1202 vale.
1182 1167 1209 1206 1o

631 1365 687 1432 VI.

340 1487 508 1544 smomus
526 1488 696 1546 usurum
716 1489 783 1546 suo
803 1489 980 1548 secururs.

224 1598 252 1663 1.
277 1601 381 1663 Gaium
397 1601 553 1662 Caesarem
572 1603 755 1685 dictatorem,
775 1622 833 1683 quo
852 1605 952 1665 lerunt
969 1605 1085 1667 nullum
1103 1626 1167 1669 rem

152 1689 313 1751 militarem
336 1689 472 1752 ducalius
496 1692 730 1772 administrasse,
757 1693 854 1753 studia
877 1697 1013 1754 certatim
1035 1694 1167 1757 dictandi

154 1778 366 1858 lectitandique
390 1779 448 1840 sibi
475 1788 578 1842 mutuo
602 1781 797 1844 vindicavere.
839 1789 869 1842 et
891 1781 962 1843 licet
984 1786 1016 1843 in
1040 1802 1167 1862 persona

153 1870 244 1929 unius
276 1869 469 1947 eiusdemque
500 1877 634 1950 tempore
668 1889 722 1931 suo
749 1873 894 1950 principis
922 1873 978 1932 viri
1006 1876 1166 1935 castrensis
1181 1896 1207 1936 15

149 1959 359 2037 oratoriaeque
383 1960 524 2020 scientiae
549 1977 619 2020 cura
647 1962 806 2022 certaverit
832 1961 925 2021 ferme
949 1961 1043 2040 gloria
1065 1965 1166 2043 aequi·

153 2048 232 2126 pari,
259 2047 339 2107 idem
366 2053 466 2107 tamen
493 2067 655 2127 numquam
683 2067 715 2109 se
743 2051 815 2110 satis
844 2050 927 2110 duxit
947 2052 982 2111 in
1009 2053 1166 2131 utriusque

149 2138 226 2195 artis
255 2153 323 2196 arce
352 2139 562 2218 compositum,
588 2140 762 2218 priusquam
789 2141 882 2199 vestri
903 2138 1054 2218 Arpinatis
1082 2143 1166 2203 testi·

151 2227 251 2285 monio
275 2227 384 2286 ceteris
407 2225 582 2286 mortalibus
605 2227 811 2289 anteferretur.
848 2225 878 2289 2.
902 2229 981 2307 quod
999 2229 1074 2289 mihi
1093 2249 1165 2309 quo·

150 2332 219 2394 que,
243 2316 270 2374 si
287 2333 377 2393 parva
395 2317 511 2393 magnis
529 2333 708 2394 componere
726 2315 804 2398 licet,
828 2318 991 2379 secundum
1010 2319 1164 2380 modulum
1178 2342 1205 2382 so
1286 2355 1290 2362 ·

150 2421 251 2464 meum
284 2421 462 2483 quamquam
495 2403 693 2465 dissimillimo
726 2405 864 2466 similiter
900 2409 1034 2468 accessit.
1090 2427 1164 2488 quae

150 2509 243 2572 super
275 2499 397 2554 cunctos
425 2499 455 2552 te
484 2511 572 2572 quam
604 2495 735 2572 primum
762 2494 862 2555 decuit
890 2513 1064 2578 agnoscere,
1096 2500 1166 2576 quia

150 2580 207 2640 tibi
230 2589 276 2641 est
298 2588 359 2641 tam
382 2582 475 2660 gloria
499 2600 565 2642 mea
583 2600 671 2661 quam
690 2583 867 2644 verecundia
885 2584 1048 2663 plurimum
1067 2605 1164 2647 curae.

150 2667 269 2730 Flavius
292 2668 439 2751 Nicetius,
471 2673 517 2730 vir
545 2677 612 2732 ortu
639 2670 836 2752 clarissimus,
867 2671 1021 2751 privilegio
1051 2682 1165 2752 specta-

151 2756 234 2837 bilis,
266 2760 374 2818 merito
402 2759 537 2820 inlustris
570 2765 600 2820 et
626 2759 781 2820 hominum
807 2762 920 2839 patriae
947 2769 1067 2822 nostrae
1093 2781 1163 2841 pru-
1179 2785 1206 2824 ss

150 2844 252 2905 dentia
270 2848 437 2925 peritiaque
456 2851 537 2909 iuxta
556 2867 720 2928 maxumus,
738 2851 906 2929 praeconio,
925 2857 1067 2928 quantum
1084 2869 1164 2910 com-

151 2936 227 3014 peri,
245 2937 390 2995 immenso
408 2939 574 3015 praesentis
589 2937 725 3017 opusculi
738 2936 886 2998 volumina
901 2937 1022 3020 extollit,
1041 2940 1164 3018 insuper

151 3023 341 3105 praedicans,
374 3025 452 3103 quod
483 3024 628 3105 plurimos
661 3029 801 3087 iuvenum
832 3045 889 3087 nec
922 3045 1026 3088 senum
1053 3046 1163 3107 paucos

150 3115 232 3173 vario
265 3131 374 3192 genere
407 3113 538 3175 dictandi
569 3115 789 3196 militandique,
822 3118 931 3195 quippe
965 3117 1060 3180 adhuc
1092 3136 1162 3178 aevo

40 3219 47 3238 ⁵
150 3202 264 3283 viridis,
291 3203 356 3281 ipse
381 3204 437 3262 sim
461 3221 682 3282 supergressus.
729 3201 757 3265 3.
782 3205 933 3286 equidem,
961 3207 993 3265 in
1021 3213 1163 3285 quantum
1176 3231 1205 3270 so

224 3414 238 3464 1
257 3411 287 3464 te
305 3415 369 3466 octe
387 3426 531 3479 superesse
554 3427 603 3467 om.
621 3412 673 3467 OT
693 3415 702 3483 ΙΙ
727 3417 759 3466 11
778 3412 932 3468 nammatio
952 3414 990 3467 Μ
995 3413 1018 3469 0
1037 3421 1062 3469 et
1082 3416 1162 3482 (corr.

147 3497 185 3535 ec
202 3480 376 3535 nammautio
394 3489 427 3538 ut
444 3484 499 3537 oid.
516 3481 618 3554 T¹)Tl
633 3489 666 3537 22
685 3483 805 3553 primum
819 3502 869 3541 om.
887 3485 910 3540 Ο
920 3487 930 3555 ΙΙ
944 3491 978 3540 23
998 3486 1057 3540 tam
1076 3502 1125 3542 om.
1144 3485 1168 3541 0

48 3540 53 3557 '
151 3550 341 3625 lplurimum]
361 3553 483 3624 primum
504 3555 547 3625 ΟΙΙ
608 3583 613 3592 ’

204 3650 373 3693 Arounmsms
387 3653 422 3694 ed.
436 3653 522 3694 Mohr.
970 3654 1001 3701 12
