2636 4032
171 236 236 302 104
527 234 636 289 LIBER
655 234 831 301 QUARTUS.

171 387 273 447 dotum
300 386 419 465 praevio
443 386 564 466 partim,
591 387 700 465 partim
723 387 882 445 comitante
905 384 1044 467 collegio,
1072 387 1192 449 scilicet

170 483 204 536 ut
231 475 393 554 municipio
423 491 556 535 summus
583 473 690 553 aliquis
718 475 842 535 antistes
870 475 1070 562 ordinaretur,
1099 479 1189 537 cuius

171 562 315 624 ecclesiae
345 561 500 642 disciplina
536 561 671 644 nutabat,
706 569 863 642 postquam
895 565 995 624 iunior
1026 567 1190 644 episcopus

170 651 279 713 Paulus
311 651 490 712 discesserat
521 651 762 731 decesseratque,
799 659 980 732 exceperunt
1015 654 1188 733 pontificale

143 741 330 806 sconcilinm
353 742 450 800 ranae
473 739 639 801 voluntates
662 741 894 821 oppidanorum,
919 759 1059 802 necnon
1082 749 1112 803 et
1135 743 1189 804 illa

172 847 246 909 quae
281 829 391 890 bonum
422 829 575 910 publicum
607 847 726 909 semper
757 837 894 890 evertunt
925 831 1023 892 studia
1054 833 1188 914 privata3

171 917 200 980 2.
216 935 291 999 quae
311 918 431 998 quidam
449 920 653 979 triumviratus
672 918 847 979 accenderat
865 921 1093 1002 conpetitorum,
1111 938 1187 1000 quo·

171 1026 238 1068 rum
265 1008 315 1068 hic
343 1009 493 1086 antiquam
519 1006 662 1068 natalium
689 1010 923 1087 praerogativam
950 1007 1065 1088 reliqua
1093 1008 1186 1071 desti-

170 1104 253 1158 tutus
281 1114 398 1156 morum
426 1096 495 1156 dote
522 1095 669 1177 ructabat,
696 1095 745 1156 hic
773 1115 828 1175 per
854 1097 986 1176 fragores
1009 1099 1189 1176 parasiticos

131 1209 158 1248 1o
172 1184 337 1246 culinarum
361 1184 500 1263 suffragio
524 1192 708 1265 comparatos
726 1185 876 1264 Apicianis
895 1185 1049 1264 plausibus
1067 1189 1186 1266 lugere-

170 1273 271 1355 batur,
301 1274 364 1354 hic,
387 1275 470 1353 apice
493 1275 589 1334 votivo
614 1276 640 1333 si
663 1276 822 1355 potiretur,
845 1277 934 1335 tacita
956 1277 1093 1354 pactione
1115 1295 1186 1356 pro-

170 1365 294 1423 miserat
315 1360 515 1422 ecclesiastica
541 1361 710 1442 plosoribus
734 1365 795 1423 suis
818 1362 944 1442 praedae
967 1364 1088 1443 praedia
1110 1365 1186 1426 lore.

172 1449 200 1513 3.
225 1450 304 1531 quod
330 1451 383 1512 ubi
405 1451 543 1511 viderunt
569 1458 689 1512 sanctus
712 1451 830 1512 Patiens
854 1459 883 1512 et
907 1460 1026 1513 sanctus
1049 1452 1186 1533 Euphro-

171 1543 250 1622 nius,
272 1541 324 1620 qui
341 1541 471 1619 rigorem
489 1541 717 1619 firmitatemque
737 1543 901 1600 sententiae
920 1543 1046 1602 sanioris
1064 1548 1187 1621 praeter

131 1651 158 1692 rs
172 1629 273 1690 odium
292 1631 475 1708 gratiamque
493 1631 584 1709 primi
602 1628 750 1710 tenebant,
769 1629 893 1690 consilio
913 1647 980 1691 cum
999 1632 1186 1712 coepiscopis

171 1721 255 1800 prIus
284 1719 359 1780 clam
387 1720 602 1780 communicato
627 1737 715 1798 quam
737 1716 833 1798 palam
856 1718 973 1798 prodito
998 1722 1186 1800 strepituque

173 1808 311 1888 despecto
335 1806 439 1868 turbae
460 1807 587 1868 furentis
607 1809 716 1868 iunctis
735 1813 857 1887 repente
876 1807 1013 1869 manibus
1032 1815 1186 1888 arreptum

173 1897 304 1976 nihilque
328 1904 393 1957 tum
415 1897 513 1956 minus
537 1914 626 1974 quam
644 1914 718 1975 quae
738 1896 900 1975 agebantur
919 1892 1068 1976 optantem
1087 1900 1186 1978 suspi-

173 1993 347 2064 cantemque
372 1991 506 2046 sanctum
524 1983 693 2067 Iohannem,
715 1987 810 2046 virum
829 1986 983 2046 honestate
1001 1987 1186 2047 humanitate

132 2097 158 2138 so
172 2073 399 2136 mansuetudine
419 2076 566 2152 insignem
588 2069 618 2134 4.
639 2067 747 2157 (lector
764 2074 814 2135 hic
832 2076 971 2156 primum,
990 2077 1033 2135 sic
1047 2077 1187 2137 minister

172 2162 281 2245 altaris,
305 2162 394 2241 idque
418 2161 455 2222 ab
477 2163 609 2244 infantia,
632 2170 700 2242 post
717 2162 852 2224 laborum
870 2170 1096 2243 temporumque
1115 2183 1185 2244 pro·

172 2270 260 2312 cessu
282 2250 516 2332 archidiaconus,
540 2253 571 2311 in
589 2268 648 2330 quo
668 2270 721 2312 seu
740 2251 832 2331 gradu
851 2270 905 2313 seu
922 2255 1089 2313 ministerio
1108 2253 1185 2313 mul·

171 2349 235 2401 tum
258 2347 393 2400 retentus
420 2347 542 2419 propter
564 2341 741 2403 industriam
764 2341 816 2402 diu
838 2340 981 2420 dignitate
1004 2359 1064 2402 non
1087 2345 1186 2422 potuit

173 2431 283 2510 augeri,
305 2447 343 2489 ne
366 2435 511 2508 potestate
530 2437 631 2509 posset
649 2423 790 2514 absolvi)=
813 2436 942 2491 attamen
960 2431 1040 2491 hunc
1059 2433 1118 2490 iam
1138 2449 1184 2491 se·

132 2540 158 2580 as
172 2518 262 2579 cundi
294 2517 407 2578 ordinis
440 2518 623 2579 sacerdotem
655 2519 790 2580 dissonas
821 2520 900 2579 inter
930 2521 1060 2599 partium
1087 2535 1185 2602 voceS,

173 2625 247 2687 quae
271 2605 447 2667 differebant
469 2606 588 2668 laudare
611 2626 671 2670 non
694 2608 872 2668 ambientem
891 2605 943 2669 sed
962 2627 1017 2669 nec
1037 2608 1185 2670 audebant

172 2696 292 2776 culpare
325 2695 514 2777 laudabilem,
551 2696 739 2777 stupentibus
771 2697 901 2758 factiosis
939 2696 1184 2759 erubescentibus

171 2785 270 2866 malis,
297 2784 527 2846 acclamantibus
553 2784 641 2846 bonis
669 2784 898 2846 reclamantibus
926 2785 1016 2846 nullis
1042 2785 1184 2865 collegam

172 2875 230 2935 sibi
253 2892 471 2935 consecravere.
517 2869 547 2936 5.
569 2892 649 2935 nunc
677 2893 747 2953 ergo
770 2873 903 2936 Iurensia
928 2877 1006 2935 site
1029 2877 1185 2936 remittunt

130 2984 158 3024 ao
172 2966 231 3024 iam
262 2964 453 3044 monasteria,
485 2964 516 3024 in
547 2981 622 3042 quae
651 2962 776 3024 libenter
804 2963 908 3024 solitus
936 2963 1097 3025 escendere
1125 2965 1183 3024 iarn

172 3051 349 3113 caelestibus
377 3053 573 3132 supernisque
601 3051 751 3131 praeludis
778 3051 966 3133 habitaculis,
998 3052 1126 3131 gaudere
1153 3059 1183 3113 te

171 3160 225 3222 par
253 3149 299 3202 est
326 3140 362 3202 de
392 3142 594 3201 communium
620 3148 738 3220 patrum
765 3141 812 3201 vel
838 3149 1031 3220 patronorum
1058 3159 1112 3202 seu
1140 3143 1184 3201 sic

244 3317 277 3367 13
297 3313 326 3366 et
345 3312 471 3382 sanctus]
491 3313 661 3379 sanctusque
681 3312 725 3382 011
741 3318 773 3367 li
792 3311 893 3366 turbae
912 3310 1030 3367 furentis
1050 3312 1183 3394 despecto

172 3384 214 3452 M,
233 3381 352 3437 furentis
371 3383 472 3436 turbae
491 3382 623 3453 despecto
639 3381 680 3456 01
696 3381 799 3438 iunctis
813 3384 840 3437 L
858 3391 883 3438 et
900 3390 933 3439 ot
944 3401 968 3440 o.
984 3383 1023 3452 N,
1040 3384 1124 3438 iactis
1144 3382 1183 3450 (11

171 3457 204 3510 in
221 3457 288 3520 ros.)
307 3453 423 3522 NGT,
445 3452 528 3507 iactis
551 3458 630 3514 (corr.
654 3455 686 3510 in
709 3453 793 3508 iactis
812 3454 912 3525 M¹)M
929 3457 939 3524 1
964 3459 996 3508 18
1015 3453 1111 3523 nilque
1132 3453 1183 3524 01

172 3531 206 3581 29
227 3524 399 3591 1111111101
414 3523 539 3578 lorensis
552 3524 618 3579 LN
627 3527 637 3591 l
651 3529 686 3579 30
704 3525 853 3580 escendere
866 3526 894 3580 L
907 3532 933 3581 et
947 3529 1027 3594 (corr.
1043 3527 1075 3580 in
1088 3540 1182 3580 escen-

172 3597 239 3642 dere
258 3593 354 3664 N¹)N,
374 3593 524 3649 ascendere
543 3594 656 3665 11011
