2610 4056
530 192 681 248 CARMEN
700 194 732 248 V.
1073 197 1136 263 261

145 353 196 403 135
216 343 350 420 germani
372 341 439 420 plus
462 349 557 403 morte
580 344 673 424 netas,
696 343 767 404 dum
790 344 894 405 sunere
917 353 1029 424 pugnat

215 437 245 490 et
268 430 390 490 fratrem
414 429 472 491 sibi
494 431 553 493 tela
576 431 659 514 iacit3
681 432 728 492 vel
751 451 819 494 cum
842 431 950 494 obruit
964 437 1064 513 ignem

215 527 370 580 taurorum
392 519 459 598 plus
482 523 548 599 ipsa
570 520 670 582 calens
693 524 826 601 texitque
849 527 1027 584 trementem

215 607 322 686 frigida
344 607 461 669 damma
484 612 590 690 virum,
615 629 704 689 quem
726 610 904 671 defendente
928 630 1040 672 veneno

215 699 294 756 inter
317 695 475 775 flagrantes
497 698 658 777 perhibent
681 698 784 760 alsisse
808 702 958 761 iuvencos.

145 798 196 848 140
215 803 286 864 ergo
310 787 401 846 animi
424 786 535 848 dudum
559 789 727 868 impatiens,
749 795 907 868 postquam
929 789 1022 850 audiit
1045 792 1096 850 isti

214 876 374 953 imperium
397 882 427 936 et
450 875 570 955 longum
594 879 692 959 statui,
715 877 823 940 laniata
846 877 973 938 lacertos

214 963 390 1046 ingreditur,
414 984 472 1044 qua
494 972 586 1026 strata
608 968 675 1046 riri,
697 984 857 1045 vocemque
882 967 1030 1027 furentem

213 1052 260 1112 bis
283 1055 409 1132 rumpit:
433 1049 550 1115 ‘secure
573 1057 663 1135 iaces,
687 1053 777 1115 oblite
801 1063 929 1136 tuorum,

215 1159 232 1200 o
255 1143 354 1220 piger:
378 1149 409 1202 et
431 1142 542 1203 mundo
565 1145 707 1223 princeps
731 1137 790 1227 (sic
813 1143 929 1205 saecula
952 1137 1094 1229 poscunt)

143 1242 195 1291 141
214 1229 394 1291 Maiorianus
418 1234 489 1312 orit3
513 1231 641 1293 clamant
663 1233 719 1293 boc
743 1233 840 1293 sidera
864 1234 966 1313 signiS,

214 1319 272 1379 hoc
294 1319 431 1380 homines
453 1323 538 1382 votis.
584 1324 635 1382 isti
658 1321 729 1400 quid
753 1321 851 1382 sidera
874 1340 993 1402 quaero,

215 1408 307 1468 fatum
332 1407 412 1469 aliud
436 1411 486 1471 cui
509 1410 579 1471 lecit
602 1407 707 1471 amor?
729 1409 773 1469 nil
795 1411 902 1471 lortius
925 1409 983 1471 illo.

216 1504 246 1557 et
268 1515 344 1576 puer
367 1505 413 1558 est
436 1498 562 1577 cupidus
589 1517 764 1581 numquam,
795 1499 847 1559 sed
869 1518 977 1579 parcus
1001 1498 1139 1582 habendi,

215 1604 329 1665 pauper
352 1587 447 1647 adbuc
470 1589 528 1648 iam
553 1592 667 1667 spargit
689 1607 770 1668 opeS,
793 1591 924 1666 ingentia
948 1588 1052 1650 suadet

147 1686 197 1735 150
219 1673 343 1736 consilia
367 1683 397 1736 et
420 1677 563 1757 sequitur,
586 1684 681 1737 totum
705 1676 784 1756 quod
808 1679 917 1755 cogitat
940 1677 1031 1738 altum
1054 1685 1108 1760 est,

215 1769 301 1841 urget
325 1765 403 1843 quod
427 1773 535 1844 sperat.
581 1765 684 1826 ludum
708 1768 734 1826 si
758 1766 833 1826 sorte
857 1773 997 1848 retexam,

216 1855 409 1934 consumpsit,
433 1855 575 1934 quicquid
598 1854 703 1915 iaculis
726 1855 833 1915 fecisse
856 1857 980 1936 putaris,

217 1942 305 2002 istius
328 1959 388 2002 arna
410 1942 487 2003 dies:
509 1943 607 2004 tribus
629 1944 709 2004 hunc
731 1950 880 2004 tremuere
905 1946 1020 2023 sagittis

215 2032 329 2110 anguis,
354 2049 468 2112 cervus,
491 2051 571 2111 aper.
616 2051 677 2093 non
701 2035 743 2093 sic
766 2031 885 2094 libravit
907 2035 938 2093 in
962 2033 1078 2094 hostem

145 2130 195 2180 155
215 2118 337 2200 spicula,
361 2121 412 2198 qui
434 2127 503 2181 nato
527 2125 675 2200 serpentis
699 2140 823 2200 corpore
847 2124 944 2182 cincto

213 2208 280 2287 plus
303 2209 411 2288 timuit,
435 2227 503 2269 cum
527 2213 684 2292 succurrit,
707 2211 778 2272 dum
800 2209 927 2272 iactibus
950 2212 1046 2272 isdem

213 2298 366 2357 interitum
391 2299 539 2377 vitamque
563 2299 647 2360 daret
671 2299 865 2379 stabilemque
889 2308 1006 2361 teneret

212 2385 300 2446 corde
323 2392 470 2446 tremente
494 2405 623 2469 manum,
646 2396 797 2468 totamque
820 2391 916 2450 exiret
938 2392 970 2450 in
993 2396 1088 2450 artem

213 2493 265 2554 spe
287 2477 427 2554 propiore
451 2483 557 2558 metus,
581 2477 655 2538 dans
677 2480 756 2538 inter
779 2476 912 2537 membra
936 2478 1062 2539 duorum

146 2576 194 2625 roo
215 2566 303 2624 unius
326 2571 462 2624 mortem,
508 2563 598 2626 libeat
621 2566 782 2627 decernere
806 2573 919 2627 caestu:

214 2655 305 2713 cessit
326 2651 406 2732 Eryx
430 2653 556 2735 Siculus,
581 2655 671 2715 simili
693 2674 749 2716 nee
772 2653 873 2716 floruit
896 2661 958 2715 arte

212 2741 325 2822 Sparta,
347 2741 539 2821 Therapnaea
562 2743 694 2822 pugilem
717 2761 785 2804 cum
808 2742 952 2823 gymnade
976 2745 1118 2823 pinguem

212 2837 321 2891 stratus
345 2829 498 2911 Bebryciis
521 2833 650 2912 Amycus
674 2834 809 2911 suspexit
831 2831 959 2893 harenis.

212 2921 263 2998 qui
286 2921 368 2997 vigor
391 2922 422 2980 in
444 2919 583 2998 pedibus!
609 2921 720 2983 frustra
745 2921 802 2981 sibi
826 2928 913 2982 natus
937 2919 1030 2982 Olelte

144 3021 193 3071 165
214 3008 362 3069 Sicaniam
384 3008 490 3070 tribuit
512 3010 649 3091 palmam,
672 3010 845 3090 plantasque
869 3009 1013 3089 superbas

215 3097 293 3158 baud
317 3099 357 3159 ita
381 3117 435 3177 per
459 3099 568 3158 siccam
591 3098 723 3160 Nemeen
746 3101 824 3160 citus
847 3097 952 3159 extulit
974 3099 1075 3180 Arcas,

216 3189 301 3247 cuius
324 3189 356 3247 in
379 3187 482 3247 Aetolo
505 3187 677 3249 volitantem
700 3188 820 3267 pulvere
844 3195 968 3248 matrem

196 3415 246 3464 143
264 3411 371 3480 rumpat
384 3412 466 3481 Iacety
463 3413 570 3480 oliano,
587 3412 665 3481 rupit
678 3413 771 3481 codd.;
789 3413 823 3480 cf.
839 3413 916 3484 Very.
931 3412 1000 3468 Aen
1011 3414 1056 3482 ΙΙ,
1065 3417 1137 3482 129;

125 3481 184 3550 IH,
197 3485 269 3549 246;
288 3481 343 3548 XI,
358 3485 414 3537 377
432 3485 442 3550 l
451 3431 511 3538 θ162
532 3484 672 3536 consumit
691 3484 809 3539 TOPF
829 3488 839 3555 l]
862 3491 912 3540 167
932 3486 1051 3539 mat-rem
1072 3485 1136 3556 Ma]

127 3523 243 3608 multem
259 3523 364 3607 'MbT‘
371 3553 459 3609 OPF
472 3553 518 3608 vel
537 3570 647 3608 currum
667 3554 733 3626 Til
