2660 4030
175 187 239 252 174
526 188 634 244 LIBER
652 187 824 246 OCTAVUS.

171 338 269 399 machi
292 338 412 399 schedio
436 341 602 419 exscripsit,
625 341 694 420 quia
717 342 858 420 iusseras,
881 341 963 422 misi;
990 358 1088 422 quarn,
1111 341 1183 402 dum

171 445 277 506 parere
301 429 423 509 festino,
453 426 591 489 celeriter
618 431 707 490 eiecit
729 430 761 489 in
783 427 1009 490 tumultuarium
1032 429 1185 509 exemplar

170 516 289 577 turbida
313 523 342 576 et
364 534 506 596 praeceps
529 524 559 577 et
581 515 674 597 Opica
695 517 858 579 translatio.
899 534 996 596 neque
1019 517 1094 579 mihi
1116 537 1181 580 rem

171 606 284 666 credito
308 605 478 666 diuturnius
501 604 680 668 elaboratam
702 608 774 667 vitio
800 613 911 666 vertas:
938 624 1007 666 nam
1035 607 1105 668 dum
1132 627 1180 670 me

145 696 267 755 stennit
289 692 437 755 inclusum
459 712 542 755 mora
560 697 711 757 moenium
733 694 932 776 Livianorum,
960 697 1044 756 ouius
1068 698 1181 758 incom-

169 783 251 843 modi
278 783 368 843 finem
397 791 465 862 post
494 802 580 863 opem
607 783 719 845 Christi
749 783 806 845 tibi
837 783 945 865 debeo,
977 802 1037 845 non
1065 785 1180 847 valebat

170 874 250 933 curis
274 873 389 932 animus
413 891 501 951 aeger
528 873 625 934 saltim
653 871 801 933 saltuatim
828 871 971 933 tradenda
993 892 1179 956 percurrere,

168 978 248 1022 nunc
270 978 325 1040 per
347 968 492 1022 nocturna
519 964 660 1041 suspiria,
692 980 772 1023 nunc
798 979 853 1040 per
880 961 987 1022 diurna
1014 963 1111 1024 officia
1134 964 1179 1023 di-

170 1051 299 1110 strictus.
336 1048 365 1111 2.
385 1050 421 1111 ad
439 1050 496 1111 boc
512 1056 551 1132 et,
569 1069 637 1112 cum
655 1069 703 1111 me
722 1050 915 1130 defetigatum
934 1050 969 1111 ab
989 1051 1121 1112 excubiis
1140 1053 1177 1112 ad

129 1157 155 1196 1o
169 1137 373 1199 devorsorium
396 1139 662 1218 crepusculascens·
676 1139 749 1200 bora
767 1147 965 1220 revocaverat,
987 1141 1035 1200 vix
1054 1139 1182 1202 dabatur

167 1226 330 1288 luminibus
353 1229 471 1288 inflexis
493 1227 612 1308 parvula
641 1230 740 1311 quies;
767 1247 836 1290 nam
858 1228 957 1308 fragor
980 1228 1062 1311 ilico,
1089 1247 1178 1309 quem

167 1316 324 1378 movebant
346 1319 510 1378 vicinantes
533 1316 674 1396 impluvio
698 1316 828 1379 cubiculi
851 1320 911 1378 mei
929 1318 1003 1378 duae
1023 1320 1179 1397 quaepiam

168 1404 288 1467 Getides
312 1424 395 1487 anus,
422 1406 530 1486 quibus
557 1406 600 1466 nil
622 1424 763 1486 umquam
786 1405 945 1486 litigiosius
971 1405 1104 1468 bibacius
1127 1425 1179 1468 vo-

167 1496 280 1555 macius
304 1496 368 1556 erit.
415 1513 499 1576 sane,
527 1514 594 1556 cnm
621 1498 752 1575 primum
775 1495 878 1556 reduci
900 1494 1013 1574 aliquid
1036 1498 1090 1556 otii
1112 1496 1179 1578 fuit,

128 1602 153 1642 ιε
168 1582 324 1662 inpolitum
355 1583 435 1645 bunc
467 1584 727 1664 semicrudumque
759 1591 802 1665 et,
834 1591 868 1644 ut
898 1585 995 1664 aiunt,
1026 1591 1177 1664 tamquam

165 1680 314 1734 musteum
332 1672 441 1734 librum
460 1673 527 1752 plus
546 1674 687 1734 desiderii
705 1675 750 1734 tui
769 1692 857 1753 quam
875 1672 966 1733 oflicii
983 1674 1044 1733 mei
1061 1685 1178 1734 memor

166 1761 267 1823 obtuli.
305 1759 334 1823 3.
354 1764 492 1842 quocirca
512 1781 621 1842 sepone
638 1764 784 1842 tantisper
796 1761 933 1841 Pythicas
951 1761 1050 1822 lauros
1064 1761 1176 1842 Hippo-

165 1869 333 1930 crenenque
357 1857 387 1912 et
409 1851 476 1912 illos
500 1854 664 1913 carminum
687 1851 791 1912 modos
809 1849 865 1911 tibi
887 1852 940 1910 uni
959 1857 1074 1911 tantum
1092 1853 1176 1930 peni-

164 1941 279 2002 tissime
303 1939 472 2020 familiares,
496 1942 548 2019 qui
570 1947 670 2002 tamen
694 1940 802 2020 doctiS,
825 1945 859 2000 ut
882 1957 914 2000 es
937 1941 1015 2020 ipse,
1037 1942 1175 2019 personis

124 2049 151 2089 ao
164 2047 224 2090 non
246 2037 307 2090 tam
330 2031 410 2091 fonte
430 2047 517 2108 quam
541 2030 637 2090 fronte
661 2029 813 2090 sudantur.
851 2029 998 2108 suspende
1016 2029 1176 2107 perorandi

164 2117 237 2179 illud
260 2136 377 2198 quoque
396 2117 624 2180 celeberrimum
647 2119 767 2199 flumen,
791 2118 869 2197 quod
887 2136 947 2179 non
967 2116 1062 2178 solum
1080 2119 1174 2196 genti-

164 2204 266 2267 licium
289 2207 342 2267 sed
370 2207 566 2268 domesticum
592 2206 648 2268 tibi
672 2207 809 2287 quodque
832 2208 864 2267 in
887 2213 971 2267 tuum
993 2213 1097 2285 pectus
1119 2225 1176 2285 per

164 2296 318 2356 succiduas
342 2302 452 2356 aetates
476 2296 512 2356 ab
531 2304 613 2356 atavo
633 2295 782 2357 Frontone
799 2294 1025 2356 transfunditur.
1063 2313 1172 2374 sepone

163 2383 355 2463 pauxillulum
375 2383 657 2458 conclamatissimas
671 2385 908 2465 declamationes,
932 2401 1005 2463 quas
1022 2385 1083 2444 oris
1097 2386 1173 2462 regii

123 2491 149 2532 25
163 2474 226 2533 vioe
250 2473 385 2554 conficis,
413 2473 521 2552 quibus
544 2476 608 2553 ipse
635 2492 688 2535 rex
711 2473 832 2534 inclitus
858 2473 946 2535 modo
974 2473 1063 2534 corda
1085 2475 1172 2534 terri-

157 2562 230 2646 ficat
262 2564 393 2641 gentium
425 2565 704 2643 transmarinarum,
736 2563 823 2623 modo
854 2563 890 2623 de
920 2564 1074 2640 superiore
1104 2580 1171 2624 cum

161 2650 295 2711 barbaris
323 2651 358 2711 ad
381 2651 521 2712 Vachalin
552 2651 749 2712 trementibus
782 2651 885 2712 foedus
916 2652 1011 2711 victor
1041 2649 1173 2732 innodet,

161 2740 248 2800 modo
272 2759 326 2819 per
347 2748 499 2819 promotae
522 2739 648 2802 limitem
672 2743 762 2801 sortis
785 2747 817 2801 ut
839 2738 964 2819 populos
993 2739 1048 2800 sub
1072 2741 1172 2820 armis,

161 2831 205 2889 sic
228 2828 324 2889 frenat
346 2847 426 2890 arma
455 2829 509 2891 sub
537 2829 661 2908 legibus.
707 2825 737 2890 4.
762 2846 871 2889 exuere
894 2835 1054 2908 utcumque
1077 2831 1171 2890 conti-

122 2936 148 2975 co
161 2919 345 2978 nuatissimis
368 2920 448 2978 curis
472 2926 502 2980 et
525 2921 618 2979 otium
640 2925 727 2979 tuum
749 2917 876 2978 molibus
900 2917 1003 2978 aulicis
1027 2916 1170 2978 motibus-

161 3026 218 3085 que
246 3007 353 3067 furare.
399 3007 553 3068 historiam
580 3007 739 3086 flagitatam
766 3014 838 3067 tuno
865 3024 1060 3086 recognosces
1084 3024 1170 3085 opor-

231 3201 246 3248 2
265 3210 364 3263 parere
383 3200 463 3262 (corr.
483 3211 633 3264 esperare
653 3196 685 3250 N
686 3195 747 3264 ¹)N
753 3195 821 3250 VM
824 3195 882 3263 OT,
899 3210 999 3264 parare
1013 3195 1055 3262 L;
1073 3195 1107 3261 ef.
1127 3212 1168 3265 ep.

158 3266 215 3334 IX,
229 3270 256 3333 9,
270 3272 289 3321 2
308 3282 406 3334 parere
420 3266 583 3335 properanti
596 3271 605 3336 ΙΙ
619 3273 635 3322 8
655 3265 800 3320 districtus
814 3267 999 3335 maujooaom,
1017 3265 1169 3320 destrictus

159 3337 185 3391 L
203 3344 229 3392 et
248 3341 328 3404 (corr.
347 3340 379 3391 in
397 3335 549 3391 distractus
567 3344 600 3392 ut
611 3356 636 3393 o.
652 3337 752 3406 Noni,
771 3337 924 3391 distraetus
938 3343 980 3408 (us
995 3339 1026 3392 in
1040 3355 1094 3393 rus.
1106 3338 1144 3391 M
1149 3339 1169 3407 ¹)

159 3408 196 3461 M
199 3407 251 3463 01¹
262 3412 271 3477 ΙΙ
287 3415 319 3461 16
337 3411 478 3461 musteum
496 3408 665 3533 librumllmcf¹
685 3408 762 3464 Peto.
780 3427 820 3478 ep.
841 3410 927 3478 VHI,
939 3414 985 3477 21,
999 3413 1017 3463 6
1030 3411 1039 3478 ΙΙ
1054 3415 1086 3465 19
1106 3407 1170 3478 ipsa

159 3479 185 3533 L
205 3483 214 3548 ΙΙ
235 3485 268 3532 21
288 3477 390 3532 flumen
412 3479 482 3548 OM,
501 3478 548 3533 vel
565 3479 595 3532 fu
637 3496 673 3533 en
689 3497 709 3535 a,
731 3480 747 3535 l.
768 3481 830 3534 adol.
851 3481 907 3549 111¹,
925 3479 1031 3534 fulmen
1050 3481 1144 3535 LNT
1159 3480 1170 3554 ll

159 3554 194 3602 24
211 3548 503 3603 conclamantissimus
521 3554 599 3619 (post.
618 3568 637 3603 n
656 3567 724 3606 eras.
740 3551 869 3620 Mune
879 3556 888 3623 Ι]
903 3557 936 3606 27
955 3551 1067 3606 vaculin
1087 3552 1110 3607 0
1120 3553 1129 3622 ll
