2636 4032
172 207 216 272 40
520 204 628 259 LIBER
645 203 842 260 SECUNDUS.

174 357 226 418 sed
255 373 322 417 cum
349 354 497 416 libitinam
524 357 620 433 ipsam
647 353 752 415 flentes
777 372 893 434 omnes,
921 357 1037 415 externi
1060 373 1189 437 quoque,

173 447 376 525 prensitarent
393 450 615 504 remorarentur
634 443 887 524 exoscularentur,
911 443 1100 505 sacerdotum
1117 463 1187 525 pro-

172 537 411 614 pinquorumque
430 532 567 594 manibus
586 539 709 611 excepta
722 534 876 611 perpetuis
891 531 1011 594 sedibus
1026 533 1188 596 dormienti

174 623 300 684 similior
323 621 413 683 inlata
438 629 490 683 est.
527 629 595 701 post
618 639 693 701 quae
715 628 838 700 precatu
860 623 993 700 parentis
1016 621 1112 684 orbati
1135 641 1186 684 ue-

146 715 253 773 ⁵niam
283 711 440 772 funebrem
467 729 528 772 non
557 728 612 789 per
639 710 738 789 elegos
766 710 818 770 sed
845 728 899 790 per
926 709 1189 790 hendecasyllabos

173 803 314 861 marmori
341 802 466 861 incisam
488 799 608 878 planctu
634 818 728 879 prope
751 797 865 860 calente
887 799 1001 860 dictavi.
1049 818 1135 879 quam
1159 802 1187 861 si

172 909 233 950 non
257 891 328 951 satis
351 887 515 968 improbae,
543 891 651 950 ceteris
679 890 924 968 epigrammatum
947 906 1081 950 meorum
1104 888 1186 950 rolu-

173 978 304 1041 minibus
337 977 541 1058 applicandam
573 979 797 1038 mercennarius
829 976 995 1056 bybliopola
1028 980 1188 1060 suscipiet3
1304 973 1305 978 ’

175 1071 201 1129 si
233 1068 303 1147 quid
337 1085 437 1148 secus,
474 1066 583 1127 suflicit
616 1084 685 1127 saxo
718 1084 839 1127 carmen
876 1084 997 1127 saxeum
1030 1069 1186 1128 contineri.

136 1175 162 1214 ιο
176 1155 205 1220 3.
228 1157 285 1217 hoc
308 1158 388 1217 enim
412 1155 582 1234 epitaphion
605 1161 664 1216 est:

366 1296 481 1358 Occasu
504 1296 594 1358 celeri
617 1296 740 1376 feroque
764 1305 878 1376 raptam

366 1388 462 1465 gnatis
487 1387 617 1465 quinque
640 1389 778 1465 patrique
803 1387 981 1466 coniugique

364 1475 421 1535 hoc
443 1474 543 1535 flentis
565 1477 679 1554 patriae
702 1493 807 1536 manus
830 1475 965 1536 locarunt

365 1569 529 1625 matronam
552 1562 730 1625 Filimatiam
753 1564 918 1642 sepulchro.

326 1664 341 1713 5
365 1672 382 1714 o
407 1652 547 1732 splendor
570 1654 704 1732 generis,
729 1652 819 1713 decus
843 1655 951 1734 mariti,

364 1741 496 1822 prudens
520 1747 599 1802 casta
623 1741 732 1803 decens
755 1759 858 1802 severa
881 1741 976 1803 dulcis

365 1838 453 1910 atquc
477 1833 551 1911 ipsis
576 1830 744 1891 senioribus
769 1831 928 1912 sequenda,

366 1919 564 1980 discordantia
588 1938 663 1998 quac
687 1919 783 1979 solent
805 1922 913 2000 putari,

365 2026 483 2069 morum
507 2008 713 2069 commoditate
738 2007 896 2087 copulasti:

311 2111 344 2160 10
367 2115 435 2157 nam
458 2099 534 2158 vitae
559 2100 682 2158 comites
705 2095 800 2158 bonae
824 2097 944 2158 fuerunt

366 2185 488 2247 libertas
512 2188 609 2265 gravis
633 2193 662 2247 et
684 2186 781 2265 pudor
804 2185 924 2247 facetus.

366 2275 436 2336 hinc
460 2281 505 2335 est
529 2275 606 2354 quod
630 2275 775 2335 decimam
798 2282 866 2336 tuae
890 2274 978 2336 saluti

367 2366 415 2423 vir
439 2371 533 2424 actam
555 2364 741 2424 trieteridem
765 2363 898 2424 dolemus

368 2461 457 2532 atque
480 2455 511 2513 in
534 2453 720 2532 temporibus
742 2455 869 2531 vigentis
893 2455 958 2513 aevi

312 2553 343 2602 15
367 2544 477 2602 iniuste
500 2541 556 2602 tibi
579 2544 655 2602 iusta
678 2541 837 2621 persoluta.

242 2683 358 2744 Placeat
377 2702 496 2745 carmen
514 2702 622 2745 necne:
640 2691 673 2744 tu
692 2702 819 2763 propera
834 2685 1041 2764 civitatemque
1061 2685 1189 2746 festinus

176 2775 279 2834 invise.
316 2771 407 2833 debes
436 2775 516 2833 enim
539 2772 751 2834 consolationis
775 2773 906 2834 officium
930 2773 1056 2834 duorum
1079 2776 1189 2835 civium

177 2861 313 2922 domibus
342 2862 468 2923 afflictis.
512 2861 589 2940 quod
618 2864 659 2922 ita
682 2861 777 2922 solvas
802 2862 890 2922 deum
913 2880 1036 2944 quaeso,
1063 2881 1100 2924 ne
1123 2881 1188 2924 um-

178 2969 265 3030 quam
287 2949 344 3011 tibi
366 2949 564 3012 redhibeatur.
601 2950 672 3012 vale.

249 3179 265 3227 2
285 3174 512 3229 exoscularentur
530 3191 580 3230 om.
596 3173 662 3229 ΕΝ
671 3177 710 3245 115
729 3175 777 3230 alt.
796 3191 847 3244 per
864 3191 914 3240 orn.
932 3175 956 3230 0
965 3179 975 3246 Η
991 3180 1023 3228 10
1041 3174 1094 3230 hoc
1113 3173 1190 3230 enim
1308 3207 1309 3214 κ

178 3243 343 3315 epitaphion
363 3248 406 3300 est
423 3247 526 3302 secludi
543 3247 602 3302 oali
622 3245 786 3314 Gustafsson
800 3248 809 3317 l}
823 3253 879 3302 aa
898 3245 973 3300 natis
992 3245 1105 3315 ΜΟΤΙΙ
