2610 4056
157 204 222 270 252
562 203 712 260 CARMEN
732 204 765 260 H.

248 371 431 433 gemmarum
454 355 550 413 varios
572 353 684 434 perdit,
708 355 776 432 quia
798 352 944 432 possidet,
967 355 1060 431 ignes.

248 442 388 503 fundebat
411 459 494 502 coma
517 460 592 522 pexa
614 460 718 502 crocos
742 441 877 522 llexoque
900 441 1010 502 lacerto

176 530 328 594 40510100
350 531 511 610 depressus
535 530 670 592 comebat
692 537 826 610 tempora
849 538 965 610 pecten.

248 619 411 681 fundebant
433 618 512 680 oculi
534 619 649 701 radios3
673 619 754 680 color
776 622 881 698 ignens
905 618 977 700 illis,

249 715 430 769 nontamen
454 708 543 769 ardor
565 715 642 789 erat,
666 711 799 788 quamvis
823 708 858 769 de
882 714 969 769 nocte
993 726 1117 769 recussa

248 799 365 876 excepti
388 797 501 857 soleant
524 797 664 857 sudorem
687 798 798 877 lingere
822 815 914 858 rores.

249 893 370 966 pectora
392 885 440 946 his
464 888 587 964 cingunt
608 903 713 968 zonae,
737 888 895 965 parvisque
918 884 1035 964 popidis

176 987 229 1035 430
248 975 389 1036 invidiam
412 975 482 1037 lacit
504 977 569 1054 ipse
594 977 694 1057 sinus,
716 993 786 1054 pars
809 977 918 1035 extima
941 972 1022 1053 pepli

248 1063 362 1143 perfert
387 1066 529 1143 puniceas
552 1063 588 1124 ad
612 1082 700 1124 crura
722 1063 859 1124 rubentia
882 1080 979 1142 rugas.

250 1154 293 1213 sic
316 1154 419 1231 regina
443 1153 526 1213 sedet
549 1152 637 1235 solio,
662 1155 773 1232 sceptri
795 1154 859 1213 rice
883 1152 1018 1212 dextram

249 1240 393 1320 lampadis
415 1240 499 1302 hasta
523 1241 631 1322 replet3
654 1240 719 1301 Nox
742 1240 837 1302 adstat
859 1243 993 1320 proxima
1017 1241 1116 1323 divae,

250 1332 310 1390 iam
332 1330 452 1409 refugos
475 1349 616 1391 conversa
639 1330 745 1412 pedes,
770 1348 804 1391 ac
827 1348 904 1410 pone
927 1329 1058 1390 tribunal

177 1429 231 1478 435
249 1420 359 1498 promit
382 1417 445 1479 Lux
469 1437 617 1480 summum
640 1422 689 1480 vix
712 1418 861 1480 intellecta
884 1436 1035 1479 cacumen.

248 1507 319 1568 hinc
340 1506 464 1568 Romam
486 1508 599 1587 liquido
622 1510 791 1569 venientem
813 1509 932 1568 tramite
956 1524 1083 1568 cernens

251 1595 355 1656 exiluit
377 1615 504 1676 propere
528 1604 558 1658 et
580 1596 697 1657 blandis
720 1599 803 1676 prior
827 1615 895 1657 orsa
916 1595 1056 1676 loquelis:

249 1680 346 1766 ‘quid,
370 1693 458 1765 caput
481 1703 498 1745 o
522 1682 649 1767 mundi,'
674 1686 762 1766 dixit,
784 1680 862 1746 ‘mea
885 1703 975 1765 regna
998 1681 1131 1746 revisis?

250 1773 357 1852 quidve
371 1769 496 1835 iuhes‘?'
518 1774 639 1854 paulum
653 1774 702 1835 illa
718 1774 809 1835 silens
824 1782 911 1853 atque
926 1791 1031 1853 aspera
1044 1775 1177 1835 miscens

179 1873 231 1924 440
249 1861 374 1923 mitibus
397 1863 469 1923 haec
493 1866 603 1943 coepit:
632 1860 728 1924 ‘renio
753 1857 878 1946 (desiste
900 1865 1014 1923 moveri

248 1969 305 2012 nec
328 1951 453 2014 multum
476 1946 623 2036 trepida),
646 1971 706 2012 non
730 1961 763 2013 ut
784 1952 858 2012 milri
881 1970 1004 2031 pressus
1027 1951 1140 2012 Araxes

248 2042 387 2119 imposito
413 2040 467 2102 sub
490 2048 580 2119 ponte
604 2040 676 2102 lluat
698 2060 753 2102 nec
776 2049 810 2102 ut
836 2040 939 2102 ordine
962 2043 1062 2120 prisco

250 2128 370 2190 Indicus
392 2129 522 2190 Ausonia
544 2136 664 2209 potetur
687 2130 801 2191 casside
825 2129 954 2210 Ganges,

249 2224 299 2278 aut
322 2225 355 2278 ut
377 2218 505 2297 tigriferi
528 2219 695 2298 pharetrata
719 2237 864 2298 pererra
887 2218 1023 2297 Niphatis

178 2317 231 2366 445
251 2305 447 2386 depopuletur
469 2325 559 2368 ovans
582 2307 720 2368 Artaxata
738 2307 843 2387 Caspia
866 2306 978 2368 consul.

250 2413 311 2456 non
334 2394 403 2456 Pori
426 2395 514 2456 modo
537 2414 628 2476 regna
650 2414 757 2476 precor
779 2414 835 2457 nec
858 2403 891 2458 ut
913 2396 996 2457 hisce
1019 2394 1139 2457 lacertis

250 2484 366 2563 lrangat
387 2484 558 2564 Hydaspeas
582 2488 659 2546 aries
682 2489 818 2565 inpactus
840 2484 991 2565 Erythras.

250 2591 311 2634 non
334 2575 365 2634 in
388 2573 493 2634 Bactra
517 2574 596 2635 feror
619 2593 675 2635 nec
698 2577 912 2636 committentia
934 2591 1049 2652 pugnas

250 2669 352 2723 nostra
376 2663 567 2724 Semiramiae
590 2664 690 2724 rident
712 2663 748 2723 ad
772 2663 895 2724 classica
917 2670 1029 2742 portae.

178 2763 231 2813 450
249 2751 385 2813 Arsacias
407 2770 468 2812 non
491 2770 602 2831 quaero
626 2752 731 2813 domus
753 2770 809 2812 nec
832 2759 946 2813 tessera
969 2753 1075 2812 castris

249 2842 281 2900 in
300 2839 493 2920 Ctesiphonta
511 2841 606 2902 datur.
634 2848 729 2902 totum
743 2841 822 2902 hunc
841 2841 897 2902 tibi
911 2843 1056 2901 cessimus
1074 2858 1174 2900 axem:

250 2935 281 2990 et
303 2947 358 2989 nec
382 2932 426 2991 sic
448 2947 580 3010 mereor,
603 2938 735 2991 nostram
758 2937 791 2990 nt
813 2936 916 2990 tueare
940 2925 1111 2990 senectam?

251 3036 351 3099 omne,
375 3018 453 3097 quod
476 3017 647 3098 Euphraten
672 3019 843 3098 Tigrimque
867 3020 1035 3099 interiacet,
1058 3017 1129 3078 olim

251 3107 312 3167 sola
334 3113 433 3168 tenes:
456 3125 505 3168 res
529 3115 627 3187 empta
649 3108 723 3168 mihi
746 3114 792 3168 est
815 3107 851 3167 de
876 3109 1018 3186 sanguine
1042 3105 1153 3188 Crassi,
1268 3165 1273 3177 ,

178 3207 231 3258 455
250 3196 287 3257 ad
311 3195 437 3257 Carrhas
459 3198 589 3276 pretinm
613 3198 732 3278 scripsi3
755 3214 811 3257 nec
833 3195 928 3257 inulta
950 3197 1081 3256 remansi

233 3424 286 3474 446
305 3419 370 3475 Ρο11
394 3420 546 3490 Simored.;
567 3420 650 3490 phari
671 3420 759 3490 ΟΡΤ,
781 3419 876 3490 pharii
899 3419 930 3474 F
950 3422 960 3490 p
982 3425 1034 3475 449
1053 3418 1178 3474 strident

161 3491 243 3632 qqlpg
256 3493 330 3618 11,th
345 3490 520 3634 Ι(111151111101110
536 3492 564 3563 G,
578 3490 709 3546 tisifonla
723 3493 787 3562 PT,
801 3490 938 3548 tesifonta
953 3492 996 3560 m
1014 3491 1049 3559 cf.
1063 3508 1103 3562 ep.
1118 3491 1179 3560 IX,
