2636 4032
194 183 237 247 62
552 181 661 236 LIBER
678 181 841 239 TERTIUS.

194 335 304 393 morari
326 333 479 413 beneficia,
501 350 553 391 vos
576 333 695 391 mereri.
732 350 911 411 quamquam
930 333 1099 394 mirandum
1118 353 1209 413 gran-

194 422 271 482 diter
293 440 353 482 uon
378 424 429 503 sit,
455 423 575 482 natione
598 419 817 481 foederatorum
840 439 900 482 non
924 421 1021 482 solum
1044 423 1209 484 inciviliter

192 510 340 571 Romanas
363 513 442 571 vires
466 511 691 570 administrante
710 512 922 570 verumetiam
943 510 1209 574 fundamentaliter

193 608 315 660 eruente
349 603 375 660 si
397 598 541 660 nobilium
564 601 697 658 virorum
724 598 956 678 militariumque
980 607 1009 660 et
1041 619 1131 680 supra
1159 602 1209 662 vel

165 705 277 768 sepem
306 696 424 749 nostrae
447 687 494 748 vel
518 690 688 767 opinionem
710 691 804 766 partis
828 687 969 749 adversae
992 689 1209 751 bellicosorum

191 796 252 838 non
275 785 335 838 tam
358 777 507 838 defuerint
530 778 606 838 facta
630 794 718 854 quam
736 779 875 856 praemia.
913 777 985 837 vale.

668 985 724 1050 IX.

364 1107 531 1163 SIDONIUS
550 1106 741 1162 RIOTHAMO
761 1107 829 1162 SUO
849 1107 1027 1164 SALUTEM.

258 1220 286 1284 1.
306 1222 447 1283 Servatur
460 1224 556 1282 nostri
570 1221 752 1281 cousuetudo
770 1225 930 1304 sermonis,
949 1240 1076 1301 namque
1095 1225 1208 1285 misce-

189 1330 256 1372 mus
284 1330 351 1372 cum
376 1311 552 1372 salutatione
576 1312 805 1391 querimoniam,
832 1329 892 1372 non
920 1314 1041 1372 omuino
1064 1312 1135 1373 huic
1158 1317 1207 1374 rei

150 1417 175 1457 ro
190 1400 357 1482 studentes,
385 1408 417 1461 ut
444 1399 531 1461 stilus
561 1407 663 1460 noster
686 1403 725 1460 sit
748 1399 898 1460 officiosus
921 1402 953 1461 in
976 1400 1086 1482 titrdis,
1114 1420 1207 1480 asper

189 1491 221 1549 in
243 1491 372 1570 paginis,
396 1489 448 1550 sed
472 1489 551 1569 quod
574 1507 609 1549 ea
633 1507 751 1568 semper
774 1491 927 1570 eveniunt,
950 1490 986 1550 de
1012 1489 1119 1569 quibus
1143 1489 1206 1552 loci

190 1581 249 1639 mei
272 1586 322 1639 aut
345 1578 458 1640 ordinis
481 1579 632 1638 hominem
655 1585 771 1638 constat
789 1577 985 1658 inconciliari,
1009 1582 1035 1638 si
1054 1579 1205 1661 loquatur,

188 1686 327 1749 peccare,
356 1670 382 1728 si
408 1674 513 1729 taceat.
560 1667 611 1728 sed
640 1673 670 1727 et
697 1668 756 1746 ipsi
784 1670 931 1728 sarcinam
958 1671 1050 1728 vestri
1077 1668 1203 1747 pudoris

188 1759 373 1838 inspicimus,
393 1760 478 1818 cuius
491 1756 564 1817 baec
579 1774 698 1834 semper
712 1756 888 1816 verecundia
903 1757 968 1837 luit,
987 1766 1021 1817 ut
1034 1775 1088 1836 pro
1104 1757 1204 1836 culpis

152 1861 178 1902 15
192 1846 410 1908 erubesceretis
434 1846 547 1906 alienis
589 1843 618 1906 2.
642 1845 762 1923 gerulus
786 1844 980 1924 epistularum
1003 1845 1125 1907 humilis
1150 1846 1204 1905 ob-

189 1955 294 1997 scurus
318 1934 567 2014 despicabilisque
591 1935 680 1994 etiam
703 1953 798 2013 usque
820 1934 855 1994 ad
875 1934 1014 1995 damnum
1033 1937 1206 1996 innocentis

188 2027 320 2104 ignaviae
352 2026 499 2103 mancipia
532 2042 585 2084 sua
612 2022 762 2084 Britannis
791 2022 866 2083 clam
894 2023 1123 2084 sollicitantibus
1151 2023 1204 2084 ab·

189 2114 276 2175 ducta
299 2112 440 2192 deplorat.
482 2115 630 2172 incertum
652 2113 726 2172 mibi
749 2121 804 2192 est,
828 2131 865 2173 au
889 2114 928 2173 sit
951 2120 1032 2173 certa
1055 2115 1205 2195 causatio;

189 2202 241 2263 sed
261 2204 286 2261 si
304 2204 383 2261 iuter
401 2219 501 2262 coram
524 2203 637 2281 positos
656 2203 872 2280 aequanimiter
891 2201 1005 2262 obiecta
1024 2201 1205 2284 discingitis,

147 2307 174 2346 ro
188 2289 316 2352 arbitror
343 2290 423 2351 hunc
451 2288 631 2350 laboriosum
658 2308 746 2369 posse
769 2288 909 2370 probare,
938 2291 1017 2369 quod
1041 2289 1146 2371 obicit,
1175 2294 1205 2352 si

187 2387 287 2440 tamen
309 2381 389 2439 inter
412 2385 531 2457 argutos
555 2385 683 2438 armatos
706 2378 918 2460 tumultuosos,
941 2382 1050 2440 virtute
1074 2398 1205 2440 numero

188 2468 382 2529 coutubernio
411 2475 600 2528 contumaces
627 2471 738 2546 poterit
770 2486 806 2528 ex
837 2487 930 2548 aequo
959 2475 988 2530 et
1015 2468 1093 2528 bono
1118 2468 1204 2530 solus

187 2560 320 2639 inermia,
344 2555 476 2618 abiectus
500 2559 640 2638 rusticus,
662 2559 839 2636 peregrinus
857 2576 971 2636 pauper
990 2557 1094 2618 audiri.
1127 2556 1205 2619 vale.

670 2784 709 2848 X.

364 2905 533 2962 SIDONIUS
552 2904 736 2960 TETRADIO
756 2905 825 2960 SUO
845 2905 1022 2963 SALUTEM.

146 3035 172 3075 2⁵
256 3019 282 3083 1.
306 3020 471 3082 Plruimum
495 3019 591 3080 laudis
614 3021 736 3080 iuvenes
755 3022 851 3080 nostri
869 3021 1003 3082 moribus
1023 3021 1085 3081 suis
1105 3019 1203 3100 appli-

187 3118 263 3192 cant,
286 3112 425 3190 quotiens
449 3109 484 3170 de
508 3110 696 3187 negotiorum
718 3110 833 3168 meritis
857 3108 1039 3188 ambigentes
1059 3109 1095 3168 ad
1118 3112 1202 3188 peri-

258 3271 272 3317 1
292 3261 432 3318 moderari
452 3262 475 3318 0
498 3265 507 3333 ΙΙ
534 3267 550 3316 2
569 3261 778 3317 foederatorum
796 3263 823 3316 L
845 3270 871 3318 et
889 3267 970 3329 (corr.
989 3263 1021 3317 iu
1041 3261 1203 3317 foenerato-

185 3352 247 3388 rum
260 3335 295 3389 N
295 3333 358 3402 ²)N,
377 3333 585 3388 faeneratorum
595 3333 636 3402 M,
650 3333 840 3388 feneratorum
852 3333 876 3389 U
885 3338 895 3404 ll
910 3342 925 3389 6
940 3333 1082 3388 defuerint
1092 3333 1126 3390 N
1126 3335 1166 3388 M
1170 3335 1202 3404 0,

187 3405 335 3460 defuerunt
353 3405 380 3459 L
395 3405 399 3477 Ι
419 3405 516 3459 valeas
536 3404 560 3460 U
578 3408 588 3473 l
611 3411 626 3457 ‘1
645 3407 850 3475 inscriptionem
867 3424 895 3460 u.
914 3423 938 3461 o.
957 3423 981 3461 c.
1001 3423 1051 3461 om.
1072 3405 1099 3459 L
1119 3411 1123 3472 Ι
1142 3405 1203 3460 rio-

185 3478 261 3530 tamc
279 3477 346 3530 MT
358 3478 367 3546 ΙΙ
382 3480 414 3529 19
434 3474 599 3544 discingetis
618 3476 675 3531 Leo
688 3480 697 3548 ΙΙ
712 3481 745 3530 23
763 3477 860 3532 valeas
882 3476 905 3532 0
914 3481 924 3544 ΙΙ
939 3483 972 3531 24
990 3477 1204 3547 coemptionem

185 3564 235 3604 cur.
250 3546 277 3601 L
290 3549 300 3617 l}
314 3552 347 3601 26
363 3553 426 3616 poet
442 3546 620 3615 negotiorum
639 3549 686 3618 lep.
707 3564 820 3602 suorum
838 3550 870 3604 ic
889 3549 935 3620 ΤΙΙ
