2660 4030
171 199 340 256 SIDONIUS
358 200 503 256 DOMINO
522 199 640 254 PAPAE
659 199 841 255 MAMERTO
861 199 1037 256 SALUTEM.
1076 199 1140 265 139

173 491 266 565 GAI
295 490 470 565 SOLLII
496 489 857 564 APOLLINARIS
886 491 1092 564 SIDONII

441 632 824 707 EPISTULARUM

471 809 583 872 LIBER
606 810 797 874 SEPTIMUS.

621 1001 646 1068 Ι.

201 1123 368 1179 SIDONIUS
386 1122 668 1196 DOMINQPAPAE
687 1123 869 1179 MAMERTO
890 1123 1067 1178 SALUTEM.

194 1238 222 1299 1.
249 1236 363 1298 Rumor
389 1244 435 1298 est
458 1237 569 1298 Gothos
596 1241 628 1298 in
650 1237 815 1298 Romanum
839 1237 934 1298 solum
957 1244 1053 1298 castra
1076 1255 1139 1298 mo·
1210 1269 1212 1272 ·

125 1328 219 1387 visse:
250 1326 320 1387 huic
348 1344 465 1405 semper
494 1329 654 1406 irruptioni
681 1338 736 1386 nos
768 1328 872 1386 miseri
898 1326 1024 1387 Arverni
1051 1329 1139 1388 ianua

123 1434 238 1476 sumus,
269 1433 396 1494 namque
421 1415 497 1476 odiis
520 1418 709 1476 inimicorum
732 1415 803 1476 hinc
825 1415 986 1494 peculiaria
1009 1416 1139 1476 fomenta

124 1503 395 1584 subministramus
410 1506 487 1585 quia,
502 1505 580 1583 quod
594 1504 723 1564 necdum
737 1505 881 1565 terminos
891 1522 961 1564 suos
973 1503 1009 1564 ab
1020 1503 1137 1565 Oceano
1165 1527 1179 1569 o

124 1595 158 1653 in
184 1592 360 1654 Rhodanum
382 1591 498 1672 LIgeris
526 1593 607 1654 alveo
635 1592 848 1673 limitaverunt,
877 1593 969 1653 solam
998 1592 1052 1654 sub
1081 1612 1138 1672 ope

126 1681 239 1743 Christi
260 1700 374 1742 moram
397 1681 434 1742 de
456 1687 559 1742 nostra
581 1689 696 1742 tantum
715 1681 798 1743 chloe
817 1684 978 1760 patiuntur.
1012 1685 1138 1742 circum-

123 1773 268 1832 iectarum
299 1789 368 1831 vero
397 1773 492 1850 spatia
523 1778 709 1849 tractumque
742 1773 898 1848 regionum
930 1773 989 1831 iam
1021 1771 1138 1850 pridem

124 1862 210 1938 regni
232 1861 357 1920 minacis
380 1861 549 1938 immrtuna
572 1859 722 1920 devoravit
743 1861 910 1938 impressio.
949 1857 978 1919 2.
1003 1858 1055 1919 sed
1075 1861 1137 1919 ani-

124 1950 255 2009 mositati
281 1955 400 2008 nostrae
427 1954 488 2009 tam
514 1950 690 2009 temerariae
717 1955 836 2027 tamque
864 1946 1048 2027 periculosae
1076 1965 1138 2008 non
1152 1972 1178 2012 1o

125 2055 179 2098 nos
207 2044 257 2098 aut
284 2036 449 2097 ambustam
474 2055 629 2098 murorum
657 2038 762 2097 facicm
790 2043 840 2097 aut
866 2043 985 2116 putrem
1019 2037 1138 2098 sudium

124 2133 235 2186 cratem
267 2133 317 2186 aut
353 2125 574 2205 propugnacula
606 2125 726 2204 vigilum
759 2128 830 2186 trita
861 2125 1033 2204 pectoribus
1067 2144 1137 2186 con-

124 2215 243 2275 fidimus
277 2214 468 2295 opitulatura3
501 2215 563 2274 solo
595 2221 709 2276 tantum
741 2218 925 2275 invectarum
955 2223 985 2275 te
1017 2221 1137 2275 auctore

124 2306 312 2382 rogationum
334 2302 488 2382 palpamur
512 2303 630 2384 auxilio,
653 2303 761 2382 quibus
784 2303 958 2364 inchoandIs
977 2305 1137 2364 instituen-

124 2393 230 2472 disque
259 2391 387 2472 populus
417 2392 579 2473 Arvernus,
612 2395 669 2452 etsi
696 2411 756 2453 uon
784 2393 892 2452 ellectu
918 2395 996 2472 pari,
1028 2393 1137 2455 allecto
1152 2415 1177 2456 15

125 2489 205 2542 certe
234 2499 295 2541 non
322 2483 429 2560 Imperi
456 2484 555 2560 coepit
584 2482 709 2561 initiari,
742 2489 771 2541 et
799 2480 835 2540 ob
863 2481 919 2541 hoc
948 2482 1137 2542 circumfusis

127 2570 254 2630 necdum
277 2570 326 2631 dat
348 2577 431 2648 terga
453 2570 628 2630 terroribus.
670 2567 700 2631 3.
723 2588 783 2629 non
807 2571 886 2630 euim
910 2569 981 2630 latet
1004 2577 1137 2630 nostram

125 2661 365 2741 sciscitationem,
387 2655 511 2738 (quod)
534 2661 639 2738 primis
657 2657 841 2736 temporibus
864 2658 1005 2718 harumce
1025 2658 1137 2738 suppli-

125 2749 273 2808 cationum
309 2750 513 2808 institutarum
549 2749 653 2808 ciuitas
690 2746 813 2807 caelitus
847 2746 903 2806 tibi
939 2746 1052 2807 credita
1082 2765 1137 2825 por

126 2837 328 2898 cuiuscemodi
350 2837 554 2918 prodigiorum
576 2835 816 2897 terriculamenta
840 2834 1026 2895 vacuabatur.
1068 2853 1135 2894 nam
1151 2860 1177 2900 ao

197 2996 210 3043 1
230 2991 307 3058 epist.
322 2991 343 3044 I
356 2997 441 3046 totam
459 3007 510 3046 om.
524 2989 590 3043 ΕΝ
598 2989 653 3044 VT
668 2991 677 3060 ll
698 2995 713 3043 6
733 2988 763 3041 in
781 2988 918 3042 rodanum
936 2987 1034 3056 ligeris
1054 2988 1135 3043 alveo

128 3061 154 3130 0,
173 3063 202 3114 et
220 3061 301 3115 alveo
320 3060 416 3130 ligeris
431 3061 461 3114 in
478 3060 616 3115 rodanum
631 3060 699 3115 Fet
712 3063 743 3114 ic
756 3077 810 3115 ros.
825 3060 881 3126 Ml,
902 3062 931 3112 eb
943 3058 1040 3128 ligeris
1055 3059 1136 3114 alveo

125 3131 155 3184 in
177 3131 315 3186 rodanum
333 3133 361 3186 P
384 3135 393 3203 11
421 3134 553 3186 inostro
575 3148 643 3186 corr.
663 3133 695 3186 io
717 3134 813 3184 nostro
832 3131 889 3198 Mi,
912 3148 932 3185 s.
954 3133 969 3185 l.
990 3132 1053 3186 cdd.
1076 3131 1137 3204 0111

127 3209 158 3256 11
177 3201 290 3274 faciem]
318 3204 466 3257 maceriem
485 3204 558 3271 Leo;
584 3204 619 3270 cf.
638 3219 678 3272 cp.
697 3203 824 3270 11,2,5
851 3200 970 3255 interior
996 3203 1137 3271 parietum

126 3273 284 3342 faciesl13
303 3275 415 3328 tantum
432 3291 489 3346 epo,
506 3276 603 3328 temen
621 3274 708 3341 codd„
726 3273 783 3326 iam
802 3273 1049 3342 Luetjoburmll18
1069 3273 1136 3328 scis-

125 3343 290 3399 citati0nem
317 3345 383 3416 (scis
410 3348 442 3401 c'o
469 3362 523 3401 ros.
543 3343 654 3414 MUM,
681 3343 878 3398 oscitationem
900 3344 922 3399 O
944 3348 948 3412 l
974 3343 1049 3412 quod
1071 3347 1137 3402 odd.

126 3416 310 3484 Luetjoboom
323 3434 373 3472 om.
384 3417 477 3486 codd.;
490 3417 585 3472 malam
594 3423 658 3471 ante
668 3414 768 3469 civibus
780 3416 881 3471 addere
891 3413 959 3483 qnia
972 3417 981 3484 ΙΙ
995 3420 1030 3469 20
1044 3415 1138 3470 cuius-

126 3486 235 3542 cemodi
262 3488 373 3556 MPF,
400 3486 595 3542 huiuscemodi
625 3486 657 3556 0,
685 3485 819 3554 cuiusque
847 3485 924 3542 modi
950 3487 1138 3556 Ductjobaom

127 3560 254 3628 frostral
