2660 4030
168 187 335 248 smomos
353 157 499 245 norisne
519 188 637 244 aaran
656 189 849 247 aaarnroo
869 191 1047 246 saturnu.
1086 193 1150 258 155

135 344 291 422 voragines
324 349 354 401 et
385 340 564 419 flagitiorum
596 339 747 401 volutabra
779 341 924 420 gradienti
955 343 1149 422 professionis

136 435 260 494 huiusce
279 430 396 510 pondus
414 431 576 509 impactum
595 436 653 510 est,
673 436 703 490 et
720 432 804 509 prius
824 448 912 508 quam
930 429 984 491 ulli
1003 431 1149 492 bonorum

134 522 258 584 reddam
282 518 423 580 discentis
443 517 628 599 obsequium,
651 536 741 596 cogor
759 517 869 579 debere
888 521 996 580 ceteris
1015 520 1149 582 docentis
1220 537 1222 542 ·

134 611 275 672 officium.
313 608 440 682 adicitur
457 607 527 668 huic
546 607 768 687 inpossibilitati
784 607 901 687 pondus
918 608 1051 688 pudoris,
1070 611 1149 688 quod

136 700 211 761 mibi
228 697 418 778 peculiariter
436 698 560 775 paginae
574 695 730 757 decretalis
745 695 844 757 oblatu
858 697 1006 776 pontificis
1021 697 1149 776 eligendi
1176 713 1189 752 a

135 788 298 850 mandastis
326 785 481 846 arbitrium
506 803 604 845 coram
628 792 815 846 sacrosancto
840 792 869 846 et
891 786 1065 864 pontificatu
1087 806 1148 847 ma·

134 881 215 939 ximo
239 877 413 955 dignissimo
437 892 525 955 papa3
548 876 600 953 qui
623 893 691 934 cum
714 876 753 934 sit
774 891 845 935 suae
863 876 1032 953 provinciae
1052 882 1148 956 caput,

133 969 176 1028 sit
199 968 293 1026 etiam
316 963 389 1024 mihi
412 981 469 1024 usu
492 964 692 1042 institutione,
719 962 856 1024 facundia
878 963 1046 1045 privilegio,
1073 971 1148 1025 tem·

134 1074 208 1136 pore
231 1060 325 1115 aetate
353 1053 565 1132 praestantior,
592 1069 647 1130 ego
670 1053 766 1131 deque
794 1070 952 1130 coramque
976 1052 1147 1132 metropoli-

134 1152 203 1206 tano
225 1142 317 1204 verba
339 1141 480 1221 facturus,
504 1147 533 1201 et
556 1140 746 1220 provincialis
766 1147 796 1201 et
818 1142 926 1221 iunior,
948 1143 1060 1221 pariter
1083 1142 1146 1202 fero
1161 1158 1188 1197 m
1224 1179 1229 1190 .

135 1234 266 1313 imperiti
289 1229 507 1311 verecundiam,
529 1232 664 1308 procacis
687 1229 836 1290 invidiam.
880 1229 907 1291 7.
932 1230 984 1290 sed
1008 1232 1148 1310 quoniam

132 1329 234 1384 vestro
262 1323 306 1381 sic
333 1318 450 1380 libitum
478 1321 587 1399 errori,
614 1325 646 1379 ut
673 1321 737 1398 ipse
765 1318 922 1398 prudentia
950 1337 1056 1380 carens
1076 1339 1147 1399 pru·

132 1412 254 1473 dentem
280 1407 365 1469 vobis
392 1410 424 1468 in
452 1409 595 1486 citiusque
623 1425 781 1486 personam
807 1406 885 1467 bona
908 1407 999 1469 multa
1022 1427 1148 1471 concur-

134 1507 202 1561 rant
225 1499 279 1560 sub
300 1515 355 1577 ope
374 1496 486 1558 Christi
504 1498 677 1575 episcopum
696 1498 859 1577 exquiram,
882 1499 1025 1558 noveritis
1044 1497 1146 1568 buius:

133 1589 215 1650 modi
242 1605 366 1649 assensu
393 1584 518 1646 multum
545 1603 593 1645 me
621 1585 758 1665 honoris,
785 1584 851 1664 plus
876 1587 975 1646 oneris
999 1588 1145 1666 excipere.
1162 1602 1187 1642 15

132 1681 265 1758 primore
288 1675 352 1736 loco
376 1674 518 1753 grandem
540 1672 675 1753 publicae
700 1675 847 1752 opinionis
872 1676 1019 1735 sarcinam
1041 1677 1145 1754 pendi-

132 1775 205 1848 tote,
228 1765 306 1845 quod
329 1765 501 1824 iniunxistis
524 1765 680 1842 incipienti
703 1768 905 1823 consummata
929 1763 1038 1824 iudicia
1057 1770 1145 1843 atquc

131 1855 171 1918 ab
198 1856 255 1915 hoc
278 1860 392 1914 rectum
416 1852 534 1912 consilii
556 1853 705 1912 tramitem
728 1851 898 1932 postulatis,
926 1854 957 1912 in
980 1871 1039 1931 quo
1062 1871 1146 1914 reco-

106 2013 108 2020 ⁴
132 1945 194 2006 litis
218 1944 313 2006 adhuc
336 1960 431 2022 nuper
454 1947 593 2002 erratum.
630 1942 721 2019 igitur
740 1943 809 2019 quia
828 1940 910 2001 vobis
930 1941 959 2001 id
979 1942 1035 2002 fuit
1053 1941 1146 2023 cordi,

133 2033 271 2113 obsecro,
297 2038 344 2112 ut,
373 2029 474 2110 quales
501 2048 556 2090 nos
586 2030 643 2090 tide
671 2029 807 2110 creditis,
834 2029 908 2090 tales
931 2032 1144 2092 intercessione
1160 2045 1186 2084 2⁰

133 2124 248 2184 faciatis
278 2128 366 2199 atque
394 2119 557 2197 dignemini
585 2118 781 2179 humilitatem
803 2127 937 2180 nostram
960 2120 1145 2181 orationibus

132 2214 233 2292 potius
256 2212 287 2270 in
311 2208 425 2270 caelum
444 2209 523 2268 ferre
542 2226 631 2286 quam
649 2207 811 2286 plausibus.
849 2206 878 2270 8.
897 2211 1028 2288 primum
1045 2217 1145 2271 tamen

132 2318 221 2362 nosse
245 2317 296 2359 vos
319 2316 373 2378 par
397 2304 451 2376 est,
473 2299 505 2356 in
528 2315 602 2375 quas
618 2315 672 2364 ‚me
696 2295 903 2375 obloquiorum
926 2297 1037 2378 Scyllas
1061 2305 1091 2359 et
1113 2301 1145 2360 in

131 2408 208 2470 quos
230 2388 407 2467 linguarum,
436 2384 488 2446 sed
511 2385 715 2465 humanarum,
737 2385 860 2446 latratus
884 2387 1070 2465 quorundam
1095 2407 1145 2448 vos

130 2479 274 2540 infamare
297 2482 457 2537 conantum
479 2473 567 2534 turbo
591 2474 760 2534 coniecerit.
798 2482 843 2535 est
866 2477 946 2535 enim
963 2476 1036 2536 baec
1055 2495 1144 2555 quae-
1158 2491 1186 2531 aa

132 2568 202 2628 dam
230 2569 274 2626 vis
302 2564 387 2624 malis
415 2563 562 2643 moribus,
589 2569 623 2622 ut
649 2564 849 2623 innocentiam
871 2563 1071 2625 multitudinis
1094 2566 1145 2625 de·

131 2661 290 2717 venustent
308 2652 420 2714 scelera
438 2670 609 2732 paucorum,
628 2670 695 2712 cum
714 2657 813 2711 tamen
831 2670 848 2711 c
867 2653 984 2713 diverso
998 2653 1145 2714 bonorum

132 2747 238 2806 raritas
262 2743 372 2822 flagitia
394 2741 555 2802 multorum
578 2747 706 2819 nequeat
724 2758 865 2822 excusare
885 2741 1045 2802 virtutibus
1065 2760 1144 2816 com-

131 2835 297 2895 municatis.
330 2829 359 2892 9.
375 2834 401 2891 si
416 2833 584 2910 qnempiam
598 2831 787 2890 nominavero
802 2829 1022 2910 monachorum,
1042 2849 1144 2909 qnam-

130 2925 176 2983 vis
199 2922 292 3002 illum,
318 2919 417 2981 Paulis
440 2919 586 3000 Antoniis,
607 2917 809 2979 Hilarionibus
831 2918 967 2978 Macariis
990 2919 1144 2980 conferen·
1158 2934 1185 2973 ao

130 3013 216 3093 dum,
244 3016 372 3071 sectatae
395 3009 609 3069 anachoreseos
632 3009 836 3087 praerogativa
858 3009 1028 3089 comitetur,
1056 3026 1144 3069 aures

130 3102 199 3161 ilico
227 3118 307 3161 meas
340 3098 491 3158 incondito
506 3175 508 3184 ,
523 3096 654 3158 tumultu
685 3098 937 3174 circumstrepitas
969 3097 1144 3174 ignobilium

130 3189 327 3271 pumilionum
358 3204 494 3250 murmur
521 3185 674 3246 everberat
702 3192 948 3264 conquerentum:
982 3181 1059 3267 ‘hic,
1092 3190 1144 3266 qui

1185 2617 1198 2647 Ο

203 3347 219 3396 8
238 3359 291 3396 usu
309 3340 378 3408 LV,
401 3357 451 3395 om.
466 3339 539 3393 ΝΜ
542 3338 607 3405 OT,
632 3339 679 3393 sed
700 3339 731 3391 in
752 3355 787 3393 eac
809 3315 988 3392 institutione
1006 3339 1038 3392 in
1055 3354 1110 3395 raa.
1126 3344 1144 3394 6

131 3417 185 3471 titt.
197 3413 244 3468 Μ’
260 3417 264 3482 1
281 3418 310 3467 et
323 3409 473 3492 pm'vilegio
485 3411 510 3464 T
521 3414 530 3480 l
545 3416 561 3464 9
577 3412 671 3464 aetate
685 3411 762 3480 (aeta
774 3411 869 3465 ineos.
879 3409 984 3480 M²)M,
1005 3411 1034 3463 et
1047 3412 1143 3464 aetate

132 3488 179 3556 ΤΠ
195 3492 227 3540 14
245 3481 439 3538 huiuscemodi
455 3481 497 3553 Oq
511 3487 545 3536 32
566 3482 823 3550 circumstrepitans
841 3482 963 3538 Parisios.
977 3486 1050 3539 2784
1068 3483 1144 3550 (item

129 3558 199 3625 Leo)
214 3560 224 3627 l
