2660 4030
168 204 232 269 166
520 201 630 256 LIBER
646 199 831 258 sumimus

166 351 306 414 audiendi
337 351 511 412 efficaciam:
547 357 696 430 tamquam
728 369 779 412 sus
808 350 944 430 hispidus
971 369 1032 413 non
1054 355 1179 416 antistet

165 441 277 502 auditu
306 441 478 521 praeierunt
507 439 650 500 odorandi
686 438 892 500 subtilitatem:
927 447 1078 520 tamquam
1114 462 1178 505 non

164 529 324 610 praecedat
344 528 444 590 vultur
467 528 584 590 ollactu
602 528 776 608 praeferunt
793 521 933 608 gustandi
949 529 1178 594 discretionem:

164 623 314 699 tamquam
348 636 409 679 non
445 616 606 697 plurimum
637 617 707 678 hinc
743 634 797 678 nos
833 616 973 678 cedamus
1008 627 1039 680 ct
1079 623 1177 683 simio.

137 707 236 786 aquid
273 707 309 768 de
346 714 428 768 tactu
457 707 576 789 loquar,
612 709 715 786 quinto
756 724 846 767 sensu
887 709 1021 786 corporis
1057 708 1178 772 nostri?

164 814 252 876 quem
276 795 334 856 sibi
356 796 561 857 indifferenter
582 802 643 856 tam
665 793 859 874 philosophus
882 814 970 874 qnam
994 799 1176 861 vermiculus

163 893 315 966 usurpant.
338 892 422 946 taceo
444 885 494 945 hic
517 884 553 944 de
582 883 761 963 appetitibus
793 882 1004 965 inlecebrosis,
1036 905 1111 966 quos
1143 891 1176 950 in

163 977 244 1036 coitu
275 977 369 1035 motui
400 972 519 1035 beluino
552 975 650 1034 carnis
681 972 826 1033 humanae
862 972 996 1052 voluptas
1032 975 1176 1039 inclinata

163 1065 368 1124 communicat.
397 1060 426 1123 7.
450 1080 519 1124 ecce
543 1080 630 1141 quam
653 1062 804 1123 miseriam
826 1062 1000 1140 praeierunt
1021 1064 1175 1127 excolunt-

123 1173 149 1212 ιο
163 1170 235 1233 que,
265 1154 317 1232 qui
348 1151 434 1233 mibi,
465 1150 543 1231 quod
575 1153 619 1211 eis
650 1150 712 1211 solo
736 1153 777 1211 sis
800 1148 905 1211 obtutu
928 1154 1040 1233 notior,
1062 1155 1175 1233 turgidi

162 1241 313 1302 insultant.
344 1248 390 1302 ast
419 1259 472 1319 ego
504 1239 589 1300 illum
615 1257 733 1318 semper
760 1238 943 1318 Philagrium
964 1240 1064 1322 video,
1088 1246 1174 1305 euius

163 1333 190 1390 si
212 1333 338 1391 tacentis
360 1329 492 1390 viderem
515 1329 630 1410 facicm,
652 1327 834 1406 Philagrium
852 1346 912 1389 nou
930 1329 1071 1391 viderem.
1094 1333 1175 1394 unde

163 1418 236 1479 illud
260 1418 355 1480 simile
377 1417 527 1498 vulgatum
551 1424 610 1498 est,
638 1417 716 1497 quod
740 1419 780 1477 ait
803 1417 923 1495 quidam
946 1420 977 1479 in
1000 1437 1089 1480 causa
1113 1421 1174 1482 dis-

163 1509 228 1587 pari
251 1511 397 1569 scutcntia
419 1510 496 1587 pari:
519 1503 784 1567 ‘filium-Marci
806 1505 994 1568 Ciceronis
1016 1509 1175 1588 populus

122 1617 148 1656 aa
162 1596 338 1658 Romanus
370 1615 440 1659 non
476 1595 696 1674 agnoscebat
732 1592 956 1674 loquentem'.
993 1597 1174 1661 conclamata

161 1693 231 1747 suut
259 1705 388 1767 namque
417 1687 527 1747 iudicio
557 1683 719 1746 universali
749 1686 889 1745 scientiae
920 1685 1047 1764 dignitas
1077 1689 1173 1750 virtus

161 1779 376 1857 praerogativa,
406 1778 491 1836 cuius
521 1774 557 1834 ad
580 1776 742 1834 maximum
767 1772 884 1833 culmen
907 1775 1083 1835 meritorum
1106 1795 1173 1854 gra-

161 1864 248 1926 dibus
271 1864 449 1948 ascenditur.
483 1861 512 1925 8.
535 1865 665 1942 primum
683 1864 772 1922 etiam
790 1860 913 1922 bestiale
932 1881 1049 1942 corpus,
1068 1867 1095 1924 si
1114 1868 1173 1926 iam

161 1953 236 2014 sorte
259 1955 418 2015 formatum
441 1960 500 2033 est,
527 1954 669 2031 dignitate
696 1950 881 2011 transcendit
903 1953 1057 2012 materiam
1080 1954 1172 2014 inier-

120 2062 146 2101 ao
159 2060 251 2124 mem,
275 2043 381 2104 deinde
400 2044 525 2103 lormato
543 2042 736 2120 praeponitur
759 2057 867 2118 corpus
887 2042 1059 2128 auimatum3
1082 2045 1173 2104 tertio

159 2132 311 2210 praecedit
341 2133 468 2192 animam
498 2128 621 2209 pecudis
651 2131 768 2189 animus
798 2128 958 2209 humanus,
988 2133 1071 2210 quia,
1095 2134 1174 2194 sicut

160 2220 284 2280 interior
307 2227 353 2280 est
376 2238 444 2280 caro
467 2221 553 2300 ritae,
577 2220 620 2278 sic
643 2220 702 2278 vita
725 2219 841 2298 rationi,
861 2219 945 2278 cuius
969 2220 1171 2299 assequendae

159 2307 354 2369 substantiam
378 2315 509 2369 nostram
533 2313 699 2386 compotem
718 2305 792 2366 deus
811 2307 926 2387 artilex,
950 2307 1075 2368 lerinam
1098 2327 1170 2371 vero

160 2399 301 2476 impotem
325 2397 409 2478 leoit3
435 2399 476 2458 ita
498 2405 611 2478 tamen,
634 2395 713 2476 quod
736 2398 768 2454 in
792 2401 870 2456 statu
892 2398 1000 2456 mentis
1024 2397 1169 2460 humanae

118 2506 144 2546 aa
159 2485 250 2565 pollet
284 2486 425 2565 bipertita
461 2486 603 2546 condicio.
639 2503 709 2544 nam
741 2486 818 2544 sicut
849 2486 963 2544 animae
996 2484 1170 2549 humanitus

159 2575 229 2636 licet
251 2577 469 2656 ratiocinantes,
492 2574 614 2635 hebetes
636 2580 736 2634 tamen
758 2575 964 2652 pigrioresque
987 2575 1169 2652 prudentum

159 2673 369 2744 acutarumque
389 2664 538 2725 calcantur
556 2665 685 2742 ingenio,
707 2665 748 2722 ita
768 2664 887 2740 siquae
912 2669 988 2742 sunt,
1012 2682 1087 2741 quae
1107 2665 1169 2725 sola

158 2754 286 2814 naturali
309 2756 451 2833 sapientia
474 2756 586 2834 vigent,
608 2751 664 2812 hae
682 2753 846 2830 peritarum
871 2769 902 2811 se
926 2753 1042 2813 meritis
1066 2772 1170 2833 supcr-

159 2846 255 2904 vcniri
278 2843 362 2904 lacile
385 2843 559 2904 concedunt
592 2839 766 2920 equorum
787 2857 840 2918 ego
864 2839 1008 2918 graduum
1032 2841 1171 2903 differen-

115 2952 146 2992 ,ιο
160 2934 231 2993 tiam
268 2932 429 2993 observans
466 2931 549 2993 illum
585 2929 767 3009 Philagrium
803 2929 901 2989 cordis
934 2928 1018 2989 oculo
1052 2948 1171 3011 semper

159 3024 295 3102 inspicio,
318 3024 367 3082 cui
389 3040 437 3082 me
460 3023 576 3082 animus
599 3017 799 3098 potentialiter
822 3025 925 3076 notum
947 3036 1064 3079 morum
1087 3021 1168 3080 simi-

159 3109 284 3171 litudine
308 3111 385 3171 iacit.
410 3128 477 3170 nam
500 3109 570 3170 licet
592 3107 679 3168 bonis
703 3105 841 3166 omuibus
863 3105 993 3187 plancae,
1025 3125 1111 3168 nemo
1139 3117 1169 3170 tc

157 3199 226 3279 plus
249 3198 340 3260 valuit
362 3201 542 3259 intrinsecus
561 3198 672 3257 intueri
691 3213 780 3275 quam
798 3196 849 3274 qui
868 3195 1034 3256 lorinsecus
1052 3197 1171 3259 allectat

230 3359 248 3405 4
266 3370 317 3407 nos
336 3352 467 3407 cedamus
487 3353 519 3420 T,
541 3366 624 3406 nosse
643 3349 776 3404 cedamus
794 3347 936 3414 LNM05
959 3365 997 3402 aa
1019 3366 1071 3403 nos
1090 3350 1171 3405 deee-

161 3422 278 3476 damua?
300 3426 310 3491 q
333 3428 366 3478 15
385 3422 561 3476 conclamata
579 3421 645 3476 ΒΝ
646 3421 683 3474 Μ
686 3421 721 3488 Τ,
746 3417 915 3473 conclamati
935 3419 966 3485 O;
992 3422 1171 3477 conclamate

162 3495 239 3547 euni:
262 3494 675 3562 namqueclist.11oetjohona;
696 3492 792 3545 malim
810 3490 1001 3544 conclamatae
1022 3491 1031 3559 ll
1053 3498 1086 3547 16
1105 3496 1172 3548 runt

159 3565 293 3634 numque]
313 3563 477 3631 sancitaque
500 3564 682 3618 Wilamowita
694 3563 705 3632 ΙΙ
718 3567 751 3616 32
770 3560 835 3630 plus
852 3565 881 3615 te
901 3561 925 3615 0
934 3562 943 3628 l
