2636 4032
290 187 457 243 SIDONIUS
477 186 687 245 CLAUDIANO
708 188 776 244 SUO
796 189 974 245 SALUTEM.
1097 191 1139 255 73

123 357 215 420 qnam
232 337 472 418 praepedimenti
490 340 605 399 occasio
624 339 780 418 praetendi
798 339 845 398 vel
863 339 936 400 salso
955 346 1063 420 potest,
1086 358 1140 400 cnr

122 435 243 508 egomet
262 427 400 507 specialis
418 433 506 507 atque
528 429 660 488 intumus
679 427 753 488 nihil
772 427 808 488 ab
828 428 951 508 speciali
969 446 1035 489 meo
1050 429 1140 490 fructi

122 519 227 599 seram,
251 536 267 578 a
291 534 350 596 quo
373 518 467 595 ignoti
491 534 610 596 quoque
632 516 760 578 multum
778 519 897 596 capiant
914 517 1044 596 plurimi.
1078 518 1152 598 sed,

123 610 172 670 uti
198 625 252 685 ego
280 612 415 686 autumo,
445 607 527 666 iuxta
550 605 674 666 sormam
697 606 862 684 euangelici
884 605 1032 685 largitoris
1061 607 1139 685 qnod

122 715 186 759 non
216 695 267 756 das
295 696 390 755 amieo
418 695 562 755 esurienti
591 693 674 755 dahis
702 694 838 774 improbo
860 695 1012 774 pulsatori.
1049 713 1139 774 porro
1166 715 1179 755 ⁵

124 789 152 848 si
184 787 347 846 etiamnum
375 783 461 844 solito
490 782 681 864 obdurueris,
713 784 803 844 faxim
830 791 946 863 egomet
974 784 1053 862 quod
1080 791 1139 845 tete

121 872 298 955 paenitebit,
322 874 471 953 quoniam,
494 874 520 932 si
542 871 680 951 peccabis
704 873 781 933 ultra
805 872 973 954 reticendo,
995 891 1050 952 ego
1073 891 1140 952 pro·

124 967 210 1025 tinus
233 963 361 1023 ulciscar
385 961 550 1022 scribendo.
579 979 686 1040 porro
714 964 794 1022 enim
817 962 953 1041 ambiguo
977 968 1058 1023 caret
1080 969 1141 1022 tam
1162 965 1166 973 '

124 1063 156 1114 te
181 1051 366 1132 puniendum
390 1052 501 1129 scripto
523 1068 603 1131 meo,
632 1069 720 1130 quam
747 1053 855 1131 punior
883 1057 1000 1134 egomet
1023 1050 1140 1111 silentio

124 1150 187 1204 tuo.
224 1139 297 1201 vale.
1155 1161 1181 1201 ro

603 1347 661 1414 ΙΠ.

292 1468 460 1527 SIDONIUS
480 1470 690 1528 CLAUDIANO
711 1472 779 1527 SUO
799 1471 976 1527 SALUTEM.

199 1582 226 1646 1.
251 1584 411 1666 Committi,
430 1583 550 1645 domine
569 1587 672 1665 maior,
691 1587 722 1644 in
740 1585 971 1646 necessitudinis
989 1587 1055 1646 iura
1073 1605 1141 1665 pro-

125 1677 264 1756 nuntias,
292 1687 359 1754 cur,
387 1673 465 1752 quod
489 1673 525 1734 ad
549 1674 627 1738 salve
650 1673 706 1734 tibi
728 1674 861 1735 debltnm
885 1681 1010 1754 spectat,
1034 1694 1050 1735 a
1074 1675 1141 1735 stilo

126 1772 160 1826 et
192 1763 387 1844 pugillaribus
421 1763 473 1822 diu
504 1769 668 1842 temperem
701 1763 839 1843 quodque
872 1763 1013 1842 deinceps
1045 1763 1141 1824 nullas

125 1857 262 1914 viantum
293 1851 372 1912 volas
404 1870 470 1912 mea
502 1870 631 1931 papyrus
664 1855 843 1932 oneraverit,
876 1869 949 1931 quae
978 1870 1030 1912 vos
1060 1852 1141 1912 cultu
1156 1871 1183 1911 ιι

127 1941 251 2005 sedulae
283 1943 434 2021 sospitatis
466 1943 625 2020 impertiat.
675 1948 794 2021 praeter
825 1959 952 2020 aequum
985 1943 1042 2002 ista
1072 1960 1141 2002 oon-

126 2035 238 2112 ieetas,
269 2033 296 2090 si
317 2048 402 2091 reare
426 2029 596 2090 mortalium
620 2033 801 2111 quempiam,
830 2033 878 2092 cui
901 2038 1001 2091 tamen
1030 2049 1141 2091 sermo-

127 2122 225 2182 cinari
252 2118 405 2180 Latialiter
432 2119 515 2179 cordi
543 2125 601 2200 est,
628 2136 688 2179 non
715 2137 836 2201 pavere,
863 2138 932 2181 oum
958 2121 991 2180 In
1019 2135 1142 2180 examen

130 2211 250 2271 aurium
267 2214 386 2268 tuarum
405 2210 515 2287 quippe
535 2210 664 2288 scriptus
679 2209 847 2290 adducitur3
866 2215 993 2290 tuarum,
1012 2210 1142 2290 inquam,
1173 2217 1174 2221 ’

130 2301 262 2378 aurium,
286 2315 411 2376 quarum
433 2298 572 2378 peritiae,
601 2299 627 2357 si
649 2315 697 2358 me
722 2297 916 2358 decursorum
940 2297 976 2359 ad
999 2297 1055 2358 hoc
1078 2301 1142 2359 aevi
1156 2319 1182 2358 ro

128 2394 299 2466 temporum
321 2387 524 2465 praerogativa
547 2404 607 2446 non
631 2385 744 2467 obruat,
767 2405 822 2448 nec
840 2386 1057 2448 Frontonianae
1077 2405 1141 2466 gra·

128 2478 230 2537 vitatis
250 2482 299 2536 aut
317 2475 458 2554 ponderis
477 2475 632 2554 Apuleiani
650 2475 762 2536 fulmen
781 2478 980 2555 aequiperem‚
1004 2478 1053 2536 cui
1071 2476 1141 2537 Var-

129 2583 231 2646 rones,
254 2563 300 2624 vel
318 2564 458 2624 Atacinus
481 2564 527 2624 vel
546 2563 698 2645 Reatinus,
720 2562 818 2645 Plinii,
841 2565 888 2625 vel
911 2565 1073 2625 avunculus
1096 2565 1142 2624 vel

129 2653 295 2734 Secundus,
314 2655 470 2733 compositi
489 2655 774 2732 inpraesentiarum
793 2653 1024 2714 rusticabuntur.
1047 2651 1077 2714 2.
1092 2652 1142 2713 ad-

129 2742 290 2823 stipulatur
307 2742 417 2803 iudicio
436 2759 503 2803 meo
522 2741 660 2803 volumen
677 2741 760 2823 illud,
779 2742 858 2821 quod
876 2748 939 2802 tute
954 2760 1045 2821 super
1063 2748 1142 2802 statu
1156 2763 1181 2804 ιι

129 2835 245 2894 animae
278 2843 378 2892 rernm
408 2830 626 2910 verborumque
659 2833 782 2892 scientia
815 2831 1010 2891 divitissimus
1036 2847 1142 2910 propa-

130 2921 236 2981 lavisti.
282 2923 314 2980 in
343 2921 495 2999 quodum
523 2919 559 2980 ad
586 2939 687 2981 meum
713 2938 823 2980 nomen
850 2920 1059 2999 prooemiaris,
1086 2919 1143 2980 hoc

130 3127 234 3182 riorsm
253 3127 277 3182 d
287 3130 326 3199 l²
344 3127 411 3181 tuus
425 3133 490 3196 post
478 3125 627 3182 tintumus
640 3127 721 3198 culpo
735 3127 809 3192 odd,
827 3143 878 3181 om
893 3125 970 3181 codd.
984 3129 1024 3196 116
1043 3124 1143 3179 etiem-

130 3215 205 3252 nunc
225 3198 277 3254 OT
291 3201 295 3268 Ι
312 3192 406 3268 solito]
427 3197 540 3253 silentio
554 3199 622 3266 Leo,
639 3199 746 3266 frustror
761 3198 766 3266 Ι
781 3198 852 3268 tete]
871 3199 901 3250 te
915 3196 1024 3266 LTtlt
1043 3212 1143 3266 pecca

131 3269 176 3324 bis
194 3269 295 3326 LTet
283 3268 392 3340 t(bto
414 3286 469 3325 ros.
484 3269 586 3338 N¹)N,
612 3267 738 3339 peccaris
757 3269 794 3333 P,
822 3270 885 3337 fort.
909 3273 992 3334 recte,
1018 3268 1143 3337 peccetis

131 3341 215 3422 111011
230 3348 263 3395 11
282 3343 365 3396 inser.
384 3357 434 3396 om.
449 3342 498 3410 Li}
515 3347 547 3394 13
566 3357 615 3394 our
633 3356 683 3396 orn.
704 3339 752 3409 0ss
771 3344 804 3393 16
823 3337 982 3412 sospitatis]
1004 3356 1042 3394 au
1061 3339 1144 3394 soda

130 3411 241 3466 litatis?
258 3412 342 3482 Iacetp
338 3413 449 3481 ’,ολαιιιι
470 3414 578 3480 frustra
591 3415 601 3481 ΙΙ
614 3417 648 3465 22
667 3410 771 3466 flumen
789 3411 866 3480 ΜΤ,
890 3410 936 3464 vel
953 3404 1061 3464 fulmen
1078 3411 1143 3466 odd.

130 3500 152 3538 s.
171 3485 189 3538 1
208 3483 255 3537 Ml
270 3485 279 3554 ΙΙ
293 3488 327 3538 2³
346 3483 483 3538 Reatinus
502 3484 568 3552 Leo,
585 3483 723 3538 terentius
740 3483 804 3550 ΕΤ,
823 3453 994 3536 terrentinus
1014 3485 1095 3549 (corr.
1113 3487 1145 3536 et

120 3573 155 3610 o.
174 3572 208 3610 ec
225 3553 377 3609 terrentius
397 3555 434 3608 M
436 3555 527 3622 1)111(]
537 3559 546 3624 ΙΙ
