2636 4032
364 187 532 244 SIDONIUS
551 188 669 243 FELICI
688 189 756 245 SUO
776 189 954 246 SALUTEM.
1121 193 1163 258 83

147 340 246 418 priam
279 338 400 398 domum
427 355 491 421 ,non
528 338 681 416 possidere
719 339 771 399 sed
807 343 907 418 potius
947 340 1163 404 administrare.

148 425 179 489 5.
205 446 262 506 qua
285 427 433 487 industria
456 428 513 486 viri
540 446 574 487 ac
597 431 792 506 temperantia
818 431 952 508 inspecta
975 430 1010 490 ad
1034 430 1163 510 reliquo-

148 535 217 576 rum
232 534 350 595 quoque
370 517 474 576 censui
491 518 642 594 pertinere
661 516 910 599 informationem,
930 520 955 578 si
973 519 1019 579 rel
1034 537 1163 581 summo-

146 613 237 665 tenus
260 607 319 665 vita
343 607 451 664 ceteris
474 604 542 665 talis
569 603 783 686 publicaretur,
811 607 846 667 ad
871 625 959 686 quam
982 609 1163 688 sequendam

146 701 268 774 praeter
289 693 432 773 habitum,
456 712 513 772 quo
537 695 657 754 interim
679 697 830 773 praesenti
854 696 971 756 saeculo
990 699 1163 779 imponitur,
1189 716 1203 756 s

147 781 254 843 omnes
273 789 392 843 nostrae
411 782 606 861 professionis
625 783 762 844 homines
781 783 938 845 utilissime
958 787 1163 868 incitarentur,

148 874 228 954 quia,
252 871 330 952 quod
354 889 425 950 pace
450 871 563 932 ordinis
586 874 646 931 mei
670 872 805 956 dixerim,
828 875 855 933 si
873 881 988 935 tantum
1005 874 1083 936 bona
1103 878 1162 937 sin-

146 960 216 1040 gula
248 962 279 1021 in
313 959 437 1038 singulis
469 968 570 1040 erunt,
602 959 670 1040 plus
702 979 755 1040 ego
789 962 918 1023 admiror
951 963 1163 1026 sacerdotalem

144 1052 243 1109 virum
270 1067 358 1128 quam
383 1049 603 1109 sacerdotem·
623 1049 694 1110 vale.

515 1279 519 1292 ’
633 1277 671 1340 X.

360 1343 528 1451 SIDONlllS
546 1397 664 1452 danici
682 1397 751 1454 SUO
771 1397 950 1456 SALUTEM.
1175 1427 1201 1467 10

214 1508 241 1572 1:
265 1509 396 1590 Erumpo
420 1513 451 1570 in
475 1510 682 1572 salutationem
704 1510 774 1572 licet
797 1531 903 1593 seram,
927 1513 1046 1575 domine
1066 1534 1160 1596 meus,

145 1603 232 1662 annis
265 1602 328 1679 ipse
362 1602 421 1660 iam
457 1599 558 1661 multis
592 1600 780 1681 insalutatuS,
819 1601 1017 1681 frequentiam
1049 1607 1159 1665 veteris

145 1690 236 1750 officii
260 1707 378 1749 serrare
401 1707 461 1749 non
480 1688 601 1772 audens,
623 1697 781 1769 postquam
799 1708 846 1750 me
867 1690 923 1750 soli
941 1694 1030 1771 patrii
1049 1692 1159 1754 finibus

145 1779 331 1840 eliminatum
353 1779 601 1857 peregrinationis
625 1778 746 1839 adversa
769 1779 930 1856 fregerunt.
977 1789 1160 1861 quapropter

143 1886 197 1928 vos
221 1885 339 1947 quoque
362 1869 517 1945 ignoscere
537 1867 622 1928 decet
643 1866 897 1949 erubescentibus,
921 1869 1070 1948 siquidem
1089 1888 1200 1931 con-15

144 1958 228 2018 venit
253 1955 425 2017 humiliatos
457 1954 579 2034 humilia
613 1959 721 2017 sectari
748 1975 844 2036 neque
874 1976 941 2018 cum
969 1957 1029 2018 illis
1056 1978 1159 2038 parem

143 2045 353 2107 familiaritatis
371 2052 475 2105 tenere
494 2047 698 2126 constantiam,
717 2045 824 2125 quibus
839 2046 915 2106 forte
935 2049 976 2107 sit
989 2047 1159 2127 improbum

142 2135 210 2214 plus
244 2136 352 2194 amoris
386 2151 474 2213 quam
505 2137 689 2195 reverentiae
720 2135 902 2215 impendere.
952 2144 1075 2216 propter
1101 2138 1159 2199 hoc

144 2224 273 2303 deniqne
297 2225 356 2284 iam
379 2223 430 2283 diu
453 2230 536 2283 taceo
559 2241 670 2302 vosque
697 2226 840 2305 tacuisse,
870 2243 939 2286 cum
966 2225 1045 2287 filius
1073 2245 1158 2288 meus

143 2312 320 2374 Heliodorus
356 2311 415 2372 huc
451 2314 545 2392 veuit,
581 2315 676 2391 magis
711 2313 872 2374 toleranter
910 2334 997 2394 quam
1030 2315 1158 2376 libenter
1172 2335 1198 2376 ao

143 2405 253 2481 accepi.
300 2399 338 2462 2.·
354 2400 406 2461 sed
430 2400 529 2460 dicere
553 2400 682 2483 solebaS,
710 2421 888 2482 quamquam
911 2404 1050 2486 fatigem,
1078 2405 1157 2485 quod

143 2509 240 2552 meam
265 2491 350 2569 quasi
368 2488 544 2550 facundiam·
557 2507 702 2551 vererere.
740 2495 891 2552 excusatio
914 2495 1017 2576 istaec,
1040 2497 1158 2554 etiamsi

142 2581 250 2641 luisset
277 2597 359 2659 vera,
391 2580 564 2659 transierat,
595 2580 664 2658 quia
690 2588 760 2659 post
790 2583 982 2642 terminatum
1014 2582 1157 2663 libellum,

142 2671 195 2748 qui
217 2686 321 2747 parum
346 2666 453 2728 cultior
477 2673 531 2748 est,
553 2667 683 2747 reliquas
707 2669 804 2730 denuo
824 2669 938 2730 litteras
957 2671 1064 2752 usuali,
1087 2671 1157 2732 licet

142 2765 298 2819 accuratus
330 2757 403 2816 mihi
434 2755 541 2816 melior
571 2775 632 2817 uon
665 2759 717 2838 sit,
749 2777 885 2819 sermone
919 2767 1057 2840 contex03
1094 2779 1155 2821 non
1170 2779 1196 2822 es

142 2849 223 2908 enim
246 2847 321 2907 tanti
345 2852 390 2906 est
412 2845 501 2924 poliri
524 2845 665 2907 formulas
684 2847 813 2908 editione
833 2849 986 2908 carituras.
1023 2856 1156 2910 ceterum

143 2939 169 2996 si
189 2937 320 2996 caritatis
335 2942 403 2995 tuae
417 2952 531 2994 morem
551 2937 679 3013 pristino
695 2935 911 3016 colloquiorum
930 2939 1031 2998 cursui
1046 2937 1156 3018 reddis,

142 3032 173 3086 et
200 3043 254 3086 nos
283 3031 415 3085 vetustae
443 3022 630 3102 loquacitatis
659 3023 770 3085 orbitas
800 3043 1005 3106 recurremuS,
1036 3033 1156 3105 praeter

140 3115 214 3175 haec
237 3113 320 3174 aride
339 3114 457 3193 praevio
477 3111 594 3173 Christo
614 3115 667 3194 sic,
690 3113 742 3173 ubi
762 3112 896 3175 locorum
915 3115 1042 3196 fueritis,
1066 3116 1153 3176 modo

214 3275 229 3322 ⁷
248 3266 355 3321 ordinis
373 3265 430 3321 mei
447 3266 548 3335 LNT,
567 3266 624 3320 mei
642 3264 749 3320 ordinis
767 3267 806 3322 M
809 3269 856 3336 Ol
875 3273 908 3322 10
927 3270 1010 3324 inser.
1030 3285 1080 3324 om.
1100 3269 1127 3322 L
1145 3270 1154 3341 ll

141 3345 175 3393 22
193 3337 284 3394 istaec
302 3339 341 3407 L,
363 3337 421 3392 iste
438 3337 491 3392 hec
509 3338 552 3401 N,
570 3336 627 3391 istu
644 3336 714 3391 haee
733 3338 828 3393 MCT
847 3342 857 3408 l
880 3345 914 3393 24
934 3340 984 3408 qui
1002 3339 1067 3406 Μ’,
1086 3340 1154 3409 qnia

140 3411 180 3480 N,
204 3427 262 3478 qua
286 3409 378 3478 VOF,
404 3409 433 3463 in
456 3425 511 3478 quo
534 3409 576 3479 (in
598 3425 617 3464 s.
638 3409 654 3463 l.
675 3409 738 3464 add.
757 3416 783 3464 ct
802 3427 818 3464 o
837 3411 868 3464 iu
885 3428 940 3466 ras.
960 3427 1028 3467 corr.
1048 3411 1154 3481 M²)M,

139 3498 196 3550 quo
221 3487 248 3552 (o
267 3483 299 3536 iu
316 3497 370 3537 ooo.
390 3481 472 3549 P¹)P
502 3485 507 3548 Ι
536 3479 638 3534 euuor
661 3481 716 3551 est]
740 3480 887 3535 cultiorem
908 3482 940 3537 F
967 3484 976 3550 l
1009 3487 1043 3536 29
1063 3484 1153 3538 sicubi

138 3554 266 3608 locorum
285 3552 323 3606 M
327 3553 384 3621 OT,
404 3550 619 3625 sicubicnlorum
635 3551 704 3620 ΕΝ,
723 3553 770 3608 sed
787 3569 855 3610 corr.
870 3555 903 3610 iu
920 3553 1011 3608 sicubi
1027 3553 1152 3608 locorum

957 3643 994 3700 6*
