2636 4032
200 203 263 268 118
554 203 664 258 LIBER
681 204 848 270 QUINTUS.

198 355 315 415 dentiae
344 352 515 414 salubritate
543 362 704 434 contraque
734 353 803 414 lites
835 356 1049 437 iurgiosorum,
1082 358 1108 416 si
1137 377 1227 436 quae

198 449 363 522 moventur,
385 441 570 521 pactionibus
590 443 720 523 consule,
741 450 843 504 contra
861 444 974 505 tributa
992 445 1227 527 securitatibus,

198 550 235 594 ne
259 530 353 592 malus
376 531 463 591 homo
487 530 578 592 rebus
600 531 746 592 bonorum
768 532 815 620 vel
838 533 917 611 quod
939 541 1046 595 noceat
1065 534 1113 595 vel
1132 537 1225 613 quod
1300 589 1301 604 ,

198 627 330 699 praestet
358 622 496 680 inveniat
542 622 574 680 in
602 639 730 702 summa,
762 621 798 681 de
827 621 969 683 Seronato
997 624 1042 683 vis
1075 625 1224 703 accipere
1300 643 1301 662 ³

172 709 271 788 aquid
295 705 442 770 sentiam?
465 711 558 770 ceteri
580 709 673 788 affligi
694 727 749 789 per
772 713 1008 790 suprascriptum
1031 710 1139 772 damno
1165 733 1223 774 ve·
1300 719 1301 744 l

199 805 315 880 reniur3
338 799 412 858 mihi
434 797 557 859 latronis
581 806 611 859 et
633 798 777 859 beneficia
800 807 938 881 suspecta
961 807 1039 862 sunt.
1085 800 1160 862 vale.

663 1024 750 1091 XIV.

419 1145 588 1201 SIDONIUS
607 1144 704 1202 APRO
724 1146 792 1202 SUO
812 1146 989 1203 SALUTEM.

266 1256 294 1320 1.
314 1259 450 1320 Calentes
468 1278 548 1320 uunc
565 1268 595 1321 te
613 1259 700 1320 Baiae
720 1267 750 1320 et
768 1258 882 1322 scabris
900 1263 1080 1321 cavernatim
1099 1269 1221 1323 ructata
1288 1285 1301 1334 '3

198 1348 367 1429 pumicibus
386 1367 461 1427 aqua
480 1348 610 1428 sulpuris
630 1356 716 1428 atque
736 1351 879 1410 iecorosis
898 1368 932 1410 ac
945 1349 1217 1429 phthisiscentibus
1300 1357 1301 1360 ’

159 1454 185 1493 ao
199 1437 345 1517 languidis
368 1436 552 1499 medicabilis
577 1441 692 1518 piscina
716 1435 864 1499 delectat?
905 1457 943 1499 an
966 1439 1091 1500 fortasse
1114 1458 1217 1500 mon·
1300 1433 1301 1436 '

197 1535 278 1588 tana
306 1526 409 1587 sedes
437 1529 573 1588 circum
601 1525 749 1588 castella
777 1534 808 1588 et
834 1529 866 1588 in
890 1526 1024 1606 eligenda
1048 1528 1118 1588 sede
1143 1546 1216 1606 per·
1300 1537 1301 1594 l

197 1618 272 1696 fugii
299 1615 446 1695 quandam
472 1618 583 1695 pateris
611 1635 648 1678 ex
670 1619 869 1677 munitionum
896 1617 1062 1695 frequentia
1086 1616 1217 1678 difficul·
1300 1603 1301 1622 ¹

197 1702 311 1767 tatem?
347 1705 487 1785 quicquid
506 1704 580 1766 illud
599 1713 653 1786 est,
673 1705 752 1784 quod
770 1704 817 1767 vel
835 1707 895 1766 otio
914 1703 961 1764 vel
979 1707 1098 1783 negotio
1116 1724 1218 1787 necao,
1300 1767 1301 1776 ,

197 1797 229 1855 in
251 1793 357 1856 urbem
379 1801 488 1876 tamen,
511 1796 570 1854 nisi
593 1794 731 1875 fallimur,
754 1796 941 1872 rogationum
964 1793 1216 1873 contemplatione

158 1898 183 1939 15
196 1882 382 1945 revocabere.
431 1881 460 1944 2.
489 1901 614 1963 quarum
641 1882 728 1944 nobis
755 1882 983 1944 sollemnitatem
1009 1885 1125 1962 primus
1153 1881 1215 1943 llla-

196 1980 310 2034 mertus
328 1979 412 2051 pater
431 1980 461 2033 et
478 1973 612 2051 pontifex
630 1975 871 2033 reverentissimo
889 1971 1033 2053 exemplo,
1051 1971 1214 2032 utssissimo
1300 1987 1301 1997 ¹

197 2064 401 2141 experimento
424 2063 537 2122 invenit
558 2063 688 2122 instituit
710 2063 829 2122 invexit.
867 2069 951 2122 erant
974 2060 1095 2139 quidem
1117 2063 1214 2142 prius,

198 2150 277 2230 quod
307 2148 385 2210 salva
412 2149 482 2209 fidei
508 2168 581 2229 pace
613 2151 652 2210 sit
684 2150 805 2232 dictum,
831 2168 920 2229 vagae
952 2156 1088 2229 tepentes
1119 2151 1214 2211 infre-

198 2245 382 2319 quentesque
404 2245 497 2316 utque
521 2240 564 2299 sic
587 2239 714 2300 dixerim
738 2238 947 2300 oscitabundae
970 2238 1213 2321 supplicationes,

157 2343 184 2384 ao
199 2344 273 2407 quae
306 2345 394 2405 saepe
426 2327 666 2407 interpellantum
699 2329 892 2408 prandiorum
924 2327 1059 2388 obicibus
1092 2327 1214 2388 hebeta-

197 2416 315 2497 bantur,
339 2417 466 2477 maxime
490 2423 540 2477 aut
563 2415 674 2478 imbres
698 2425 748 2478 aut
772 2419 962 2478 serenitatem
985 2416 1213 2500 deprecaturae3

198 2505 234 2566 ad
258 2523 341 2585 quas,
363 2512 398 2566 ut
419 2504 461 2565 nil
485 2505 610 2584 amplius
634 2506 739 2586 dicam,
762 2505 851 2585 figulo
871 2508 982 2584 pariter
1001 2513 1089 2584 atque
1107 2505 1211 2566 hortu-

197 2594 259 2654 loni
281 2611 342 2654 non
366 2596 497 2673 oportuit
515 2597 681 2655 convenire.
719 2593 748 2657 3.
768 2597 800 2655 in
817 2594 865 2655 his
885 2601 992 2675 autem,
1015 2613 1089 2673 quas
1108 2612 1211 2673 supra-

198 2685 275 2744 fatus
303 2701 436 2744 summus
465 2684 603 2745 sacerdos
630 2683 717 2744 nobis
746 2690 776 2744 et
802 2682 926 2762 protulit
953 2684 1065 2762 pariter
1089 2690 1119 2743 et
1141 2702 1210 2744 oon-

157 2788 184 2830 25
198 2773 279 2854 tulit,
307 2775 457 2834 ieiunatur
481 2780 594 2854 oratur,
621 2772 758 2853 psallitur
785 2771 882 2833 fletur.
929 2771 965 2832 ad
988 2771 1061 2832 haec
1084 2779 1113 2832 te
1137 2773 1211 2833 festa
1298 2817 1299 2832 t

198 2864 348 2922 cervicum
379 2861 601 2923 humiliatarum
633 2869 663 2922 et
695 2863 876 2922 sternacium
907 2863 1017 2921 civium
1049 2863 1210 2939 suspiriosa

198 2951 393 3012 contubernia
424 2958 506 3032 peto;
539 2958 581 3033 et,
614 2953 641 3010 si
672 2949 836 3030 spiritalem
866 2951 998 3010 animum
1025 2957 1109 3010 tuum
1135 2948 1209 3011 bene

197 3042 314 3121 metior,
337 3039 425 3100 modo
449 3042 536 3101 citius
559 3042 671 3120 venies,
695 3039 811 3118 quando
834 3056 894 3099 nou
918 3039 954 3099 ad
978 3036 1079 3117 epulas
1104 3039 1155 3099 sed
1174 3039 1208 3099 ad

198 3128 335 3190 lacrimas
359 3131 499 3190 evocaris.
536 3128 608 3190 vale.

272 3288 304 3338 10
323 3281 408 3351 Verg.
422 3281 491 3336 Aen.
506 3281 540 3351 V,
554 3285 608 3336 440
625 3282 760 3335 montana
778 3280 859 3336 sedet
877 3280 982 3336 circum
1000 3279 1127 3334 castella.

270 3357 286 3406 8
306 3352 430 3408 calentes
448 3359 481 3408 ut
499 3370 512 3408 e
531 3354 607 3409 codd.
627 3353 746 3420 Souara,
770 3351 895 3407 calentes
914 3351 980 3406 ΒΝ
981 3351 1020 3405 Μ
1023 3352 1060 3420 Τ,
1086 3349 1208 3406 eaiensos

204 3424 236 3493 V,
255 3423 383 3494 goientes
402 3428 451 3495 (uo
469 3423 626 3494 galentesl)
647 3424 694 3492 Ol
713 3430 728 3478 9
747 3422 985 3492 phthisizenlibus
1004 3423 1097 3548 Sittlep
1117 3426 1149 3476 16
1166 3437 1208 3476 re-

198 3494 401 3549 verendissimo
416 3495 593 3564 Iuaatjoltauu
606 3497 615 3565 ΙΙ
629 3501 663 3549 22
682 3494 826 3549 hortuloni
840 3495 910 3561 LN,
929 3492 1053 3548 ortuloni
1090 3536 1097 3562 ‚
1116 3493 1209 3547 horto-
1234 3501 1237 3510 ’

198 3564 265 3620 lano
277 3567 308 3633 T,
324 3565 452 3619 ortolono
468 3567 528 3634 (ott.
543 3572 568 3622 et
580 3573 678 3636 poeto
692 3568 725 3621 iu
733 3582 788 3622 ros.
800 3565 837 3620 M
839 3565 905 3634 ²¹)lli
915 3569 972 3634 {128
987 3564 1100 3632 quando
1110 3564 1173 3619 LN
1177 3565 1207 3632 Τ,
