2610 4056
172 199 237 265 236
546 200 653 255 LIBER
670 199 802 256 NONUS.

292 361 326 412 35
351 349 485 410 subditos
509 352 590 410 senis
612 349 738 429 pedihus
762 351 856 410 rotavi

475 446 618 499 commate
641 438 721 499 bino.

354 580 440 641 Namc
463 599 516 659 per
539 579 672 641 undenas
696 582 828 659 equitare
853 587 955 641 suetus

354 668 479 748 syllabas
502 669 560 730 lusi
583 668 772 748 celeratque
795 676 891 729 metro

353 758 499 837 Sapphico
523 757 628 819 creber
651 760 761 840 cecini,
784 759 872 818 citato

293 858 327 908 40
475 865 561 908 rarus
585 847 691 907 iambo.

354 988 416 1049 Nec
439 989 591 1050 recordari
615 1007 703 1069 queo,
727 995 835 1067 quanta
858 988 1006 1068 quondam

357 1080 530 1157 scripserim
553 1080 649 1157 primo
673 1079 788 1138 iuvenis
812 1077 923 1158 calore;

355 1167 434 1227 unde
457 1185 526 1246 pars
549 1169 644 1226 maior
666 1168 780 1227 utinam
803 1169 896 1226 taceri

474 1257 570 1334 possit
592 1262 623 1315 et
644 1253 726 1315 abdi!

294 1407 328 1458 45
351 1395 426 1457 Nam
450 1398 611 1458 senectutis
634 1399 773 1477 propiore
796 1404 875 1457 meta

354 1486 496 1565 quicquid
520 1488 661 1546 extremis
685 1488 832 1547 sociamur
855 1487 954 1566 annis,

354 1573 420 1654 plus
443 1574 548 1656 pudet,
572 1577 598 1635 si
621 1575 692 1655 quid
715 1575 778 1635 leve
801 1575 873 1636 lusit
895 1582 988 1659 aetas,

474 1682 553 1724 nunc
576 1682 737 1724 rem1msc1.

355 1805 440 1878 Quod
463 1805 695 1885 perhorrescens
718 1806 754 1866 ad
778 1807 973 1886 epistularum
1061 1795 1063 1800 ’

294 1909 328 1958 50
351 1894 489 1956 transtuli
513 1893 625 1954 cultum
648 1913 741 1973 genus
764 1913 851 1956 omne
875 1914 974 1976 curae,

354 2003 392 2045 ne
417 2002 486 2044 reus
510 1989 598 2044 cantu
620 1983 817 2062 petulantiore

475 2074 532 2132 sim
554 2090 624 2132 rcus
648 2079 728 2154 actu3

354 2214 420 2275 Neu
442 2221 531 2293 puter
554 2213 628 2274 solvi
650 2232 705 2293 per
728 2232 851 2275 amoena
874 2215 964 2295 dicta,

355 2302 474 2364 schema
497 2305 523 2363 si
546 2303 656 2364 chartis
679 2303 874 2383 phalerasque
897 2306 1032 2387 iungam,

297 2404 330 2455 ⁶5
354 2391 459 2453 clerici
479 2411 516 2452 ne
541 2393 611 2471 quid
634 2392 762 2453 maculet
787 2395 917 2471 rigorem

473 2481 550 2542 lama
572 2489 684 2562 poetae.

354 2621 487 2702 Denique
512 2624 547 2684 ad
571 2624 695 2703 quodvis
720 2625 900 2703 epigramma
922 2623 1044 2703 posthac

354 2731 414 2773 non
437 2712 515 2772 ferar
537 2731 662 2793 pronus,
685 2720 848 2791 teneroque
872 2719 967 2773 metro

354 2801 401 2861 vel
423 2803 506 2879 gravi
528 2801 641 2862 nullum
664 2804 723 2862 cito
747 2820 835 2880 cogar
859 2801 965 2863 exhinc

293 2902 328 2953 60
474 2908 611 2969 promere
634 2908 769 2951 carmen:

355 3031 585 3092 Persecutorum
606 3034 666 3092 nisi
690 3034 878 3111 quaestiones

355 3120 479 3181 forsitan
503 3120 598 3180 dicam
620 3123 803 3201 meritosque
822 3121 937 3182 caelum

356 3216 501 3290 martyras
523 3211 629 3270 mortis
652 3213 749 3288 pretio
772 3228 892 3289 parasse

475 3299 606 3378 praemia
629 3301 714 3358 vitae.

244 3506 271 3544 v.
285 3492 320 3541 44
338 3490 435 3557 posset
452 3487 630 3556 Iacetp'oltonn
652 3489 661 3556 ΙΙ
682 3504 709 3541 v.
724 3491 758 3540 49
777 3484 835 3538 iem
857 3486 932 3554 quod
950 3486 1113 3542 horrescens
1135 3489 1160 3544 0
1177 3491 1187 3564 Η

174 3577 201 3614 v.
217 3563 250 3612 53
269 3574 305 3613 ne
323 3574 392 3614 corr.
412 3561 444 3614 in
462 3574 518 3613 neu
537 3558 575 3612 M
578 3559 593 3627 ¹,
612 3573 664 3611 nec
683 3573 751 3612 corr.
771 3558 803 3611 in
820 3573 875 3610 neu
896 3558 938 3612 F¹
951 3562 961 3629 ll
