2636 4032
368 219 535 276 SIDONIUS
553 218 679 274 TURNO
699 217 768 276 SUO
788 220 966 276 SALUTEM.
1106 221 1169 286 101

158 371 314 432 conficeris
343 369 471 450 occulto,
502 369 579 449 quod
603 369 682 430 tilius
707 369 825 449 publico
849 388 984 432 maerore
1007 371 1171 431 coniicitur.

158 463 208 522 cui
231 461 338 520 fecisse
361 477 408 518 me
433 465 549 519 constat
571 457 732 539 plurimum
753 461 888 541 iniuriae,
913 462 938 520 si
957 468 990 521 tu
1007 466 1107 521 tamen
1126 458 1172 519 vel

156 567 264 629 parum
286 549 404 628 feceris,
428 566 517 626 quam
539 555 629 629 certe,
652 555 685 608 ut
704 567 800 630 spero,
824 567 883 610 non
906 550 1006 630 lacios,
1028 550 1088 609 nisi
1106 566 1171 610 sco-

157 638 238 719 pulis
261 637 365 698 durior
388 636 477 697 duras
496 643 547 696 aut
565 636 768 698 adamantibus
788 638 912 716 rigidior
934 653 1108 718 perseveras
1127 639 1172 697 in-

159 725 348 788 secabilibus.
390 723 419 787 3.
443 744 514 804 ergo
543 727 569 785 si
596 726 633 786 de
660 725 793 786 moribus
821 729 891 787 tuis
909 727 1005 805 deque
1033 729 1173 788 amicitiis
1201 743 1214 784 o

158 819 238 876 iuste
260 815 384 876 meliora
405 830 573 895 praesumo,
600 822 739 876 excusato
762 817 910 894 propitius
933 815 1062 897 indulge,
1086 834 1174 895 quem

158 903 356 966 reconcilians
383 903 446 963 fore
469 903 587 964 fidelem
610 911 781 964 constanter
802 906 835 964 in
857 910 1010 984 posterum
1034 904 1174 985 spondeo,

160 1011 278 1072 quoque
300 992 442 1053 velociter
464 991 550 1072 culpa
573 990 669 1053 soluto
693 1011 747 1072 ego
770 991 915 1054 beneficio
939 992 1027 1074 ligor,
1054 1009 1174 1072 magno·

160 1100 233 1162 pere
257 1081 436 1162 deposcens,
462 1099 523 1141 non
546 1088 580 1143 ut
602 1083 738 1160 ignoscas
761 1083 849 1142 modo
872 1100 976 1143 verum
998 1089 1032 1142 ut
1054 1088 1084 1142 et
1105 1099 1174 1162 pro-

159 1173 251 1252 tinus,
273 1178 304 1231 et
326 1177 526 1230 revertentem
548 1188 608 1231 non
631 1171 718 1231 domo
742 1170 837 1232 solum
862 1171 914 1231 sed
937 1178 967 1232 et
985 1177 1105 1251 pectore
1125 1170 1175 1230 ad·
1189 1186 1215 1226 1o

160 1263 271 1320 mittas,
309 1259 382 1321 deus
405 1277 524 1340 magne,
552 1278 640 1338 quam
663 1259 757 1320 laetus
781 1261 894 1321 orietur
916 1259 973 1321 tibi
995 1260 1075 1342 dies,
1102 1259 1176 1320 mihi

161 1351 295 1430 nuntius,
319 1350 434 1408 animus
458 1347 510 1428 illi,
534 1366 602 1408 cum
624 1351 758 1428 paternis
780 1348 906 1427 pedibus
931 1349 1041 1410 affusus
1065 1367 1099 1409 ex
1125 1347 1175 1407 illo

163 1457 216 1498 ore
238 1438 328 1519 laeso,
351 1455 402 1498 ore
425 1435 567 1520 terribili,
590 1437 661 1496 dum
685 1439 850 1498 convicium
874 1445 1019 1520 expectat,
1042 1436 1176 1498 osculum

162 1524 326 1606 exceperit!
362 1525 434 1587 vale.

611 1715 730 1782 XXIV.

304 1799 305 1802 Ὺ
372 1838 540 1894 smonrns
559 1838 684 1893 nunno
705 1837 773 1893 suo
794 1838 972 1894 saturnu.
1191 1859 1217 1901 1⁵

232 1951 260 2014 1.
283 1953 363 2014 Bene
386 1955 514 2034 nomini,
542 1952 618 2015 bene
646 1955 764 2032 negotio
792 1959 843 2013 tuo
870 1955 1007 2032 congruit
1028 1951 1178 2013 Mantuani

164 2043 249 2104 illud:

209 2132 339 2214 Turne,
364 2131 457 2210 quod
481 2133 625 2211 optanti
648 2131 766 2191 divum
788 2133 1004 2210 promittere
1027 2148 1126 2191 nemo

210 2221 379 2301 auderet,
402 2219 575 2282 volvenda
599 2219 677 2280 dies
700 2238 743 2281 cn
765 2220 889 2281 attulit
911 2219 1018 2280 ultro.

164 2312 321 2391 pecuniam
344 2316 429 2389 pater
451 2315 520 2370 tuus
539 2308 660 2389 Turpio,
683 2311 728 2370 vir
750 2309 939 2391 tribunicius,
963 2316 1095 2370 mutuam
1117 2311 1178 2388 pri·
1193 2323 1219 2363 ro

168 2400 249 2481 dem,
281 2401 308 2460 si
334 2397 515 2478 recordaris,
547 2416 577 2458 a·
591 2396 717 2458 Maximo
744 2397 876 2460 Palatino
900 2398 1059 2478 postulavit
1085 2399 1179 2476 impe-

164 2492 323 2569 travitque,
344 2485 387 2547 nil
411 2486 531 2565 quidem
555 2485 619 2547 loco
643 2487 767 2548 tiduciae
788 2488 981 2567 pignorisque
1000 2486 1046 2547 vel
1065 2488 1180 2565 argenti

166 2585 357 2656 sequestrans
380 2575 427 2636 rel
450 2574 583 2654 obligans
606 2575 808 2657 praediorum3
837 2575 904 2656 sed,
928 2583 961 2636 ut
984 2575 1179 2654 chirographo

167 2667 244 2728 lacto
274 2665 410 2746 docetur,
438 2671 523 2726 cauta
551 2667 711 2724 centesima
739 2671 785 2725 est
808 2665 999 2744 faeneratori,
1027 2682 1101 2742 quae
1124 2681 1179 2742 per

164 2755 290 2816 bilustre
322 2754 466 2833 producta
498 2760 616 2832 tempus
643 2753 764 2814 modum
792 2756 881 2814 sortis
910 2752 945 2813 ad
979 2751 1100 2830 duplum
1129 2751 1179 2812 ad·
1193 2765 1218 2806 ss

165 2845 257 2906 duxit.
303 2841 332 2904 2.
362 2842 414 2902 sed
442 2859 510 2902 cum
536 2849 621 2921 pater
650 2849 719 2903 tuus
746 2844 836 2903 morti
863 2843 1047 2922 propinquae
1074 2839 1178 2900 morbo

165 2931 357 2994 incumbente
377 2929 585 2992 succumberet
603 2938 690 3010 atque
705 2929 742 2990 ob
761 2931 817 2992 hoc
835 2933 935 3011 ipsum
948 2929 1066 3008 publica
1080 2935 1179 2990 aucto-

164 3024 238 3084 ritas
270 3020 345 3081 male
377 3019 523 3080 valentem
554 3019 797 3099 patremfamilias
829 3018 987 3080 violentius
1019 3018 1055 3078 ad
1085 3017 1179 3078 refor-
1248 3051 1251 3056 ·

164 3110 306 3172 mandam
333 3108 467 3170 debitum
495 3116 605 3170 artaret
627 3127 683 3169 nec
706 3111 848 3169 sustineri
871 3106 982 3168 valeret
1004 3105 1179 3186 improbitas

90 3208 91 3211 ’
166 3206 385 3279 executorem,
407 3199 609 3277 proficiscenti
640 3197 713 3257 mihi
745 3196 882 3258 Tolosam
913 3198 972 3256 iam
1005 3196 1179 3276 desperatus
1194 3211 1221 3252 eo

239 3375 272 3426 18
290 3370 375 3440 Verg.
388 3368 457 3424 Aen.
471 3368 518 3438 IX,
535 3375 600 3436 6sq.
1249 3433 1250 3436 Ἴ

238 3450 252 3496 1
273 3459 311 3497 cc
325 3440 436 3495 occulto
451 3445 574 3510 angore?
590 3445 594 3508 Ι
609 3438 722 3509 publice
740 3439 811 3508 0112
826 3456 870 3493 me
884 3437 986 3494 fecisse
1002 3438 1027 3494 O
1036 3440 1045 3509 ΙΙ
1061 3442 1092 3492 13
1112 3437 1180 3490 dum

166 3511 323 3568 convicium
342 3513 473 3580 expectat
486 3511 556 3578 ΒΝ,
576 3509 734 3565 convicium
751 3512 902 3580 expectens
917 3511 953 3565 M
958 3509 1030 3581 OTq
1045 3515 1077 3564 15
1096 3510 1179 3565 omer.

166 3602 217 3640 om.
231 3586 258 3639 L
271 3587 281 3654 u
294 3588 328 3639 25
348 3581 463 3653 duplam
482 3582 545 3638 Md
556 3585 565 3652 ΙΙ
