2614 4030
153 235 219 291 VIII
551 235 767 293 PRAEFATIO.

156 406 224 448 nam
248 387 326 466 quod
350 405 395 466 ep.
414 386 435 468 1,
454 385 523 468 2,2
546 389 578 448 in
596 386 618 447 F
637 394 704 466 post
727 389 872 463 ampliata
895 385 1017 464 legitur:
1040 392 1068 450 si
1089 407 1166 452 casu

157 480 290 538 dentium
326 481 420 538 series
454 479 597 538 ordinata
628 480 832 553 praemineat,
868 479 990 536 niueum
1024 481 1167 554 protinus

155 572 368 642 repraesentat
397 569 462 642 ipsa
490 569 634 645 colorem,
663 566 720 624 iam
745 562 967 624 Gustatssonius
991 571 1085 625 totum
1108 567 1166 628 hoc

157 654 314 715 delendum
338 672 404 714 esse
428 660 508 714 recte
532 656 676 732 cognovit.
723 652 781 713 Sed
809 654 866 712 tria
894 652 944 712 illa
967 653 1167 716 additamenta

155 742 229 804 haec
252 751 333 803 sunt:
359 739 387 802 1.
402 761 446 822 ep.
461 742 496 823 Η,
510 740 540 823 2,
555 741 575 803 5
593 749 661 822 post
684 745 922 803 imbricarentur
945 742 1075 803 additur:
1099 747 1167 820 ipsa

156 851 227 894 aero
247 835 492 893 conuenientibus
506 833 749 905 (concinentibus
762 829 976 892 Wouwerenus
995 839 1025 892 et
1040 827 1165 916 Savaro)
1282 851 1285 858 ·

156 925 306 982 mensuris
338 924 533 982 exactissima
569 924 757 996 spatiositate
793 923 981 994 quadratur,
1018 920 1168 1002 idemque,

158 1010 211 1069 sed
233 1017 301 1088 post
321 1027 478 1086 personas,
502 1008 565 1070 cod.
589 1009 745 1069 Vaticanus
763 1007 892 1086 Reginae
911 1005 986 1090 216,
1009 1009 1168 1089 Philippici

160 1095 245 1161 1685
260 1105 289 1158 et
304 1095 389 1159 3671
410 1097 517 1176 aliique
536 1099 685 1178 inserunt3
709 1095 737 1158 2.
753 1115 798 1176 ep.
812 1096 861 1177 ΠΙ,
876 1095 905 1177 8,
922 1096 937 1158 1
952 1105 1020 1174 post
1037 1101 1168 1162 historia

159 1187 239 1248 ada:
264 1191 344 1261 lilios
364 1191 401 1248 ele
421 1190 595 1263 proditione
617 1189 796 1248 meditantes
819 1187 929 1247 Iunius
951 1188 1066 1248 Brutus
1089 1192 1167 1250 ocei-

159 1279 218 1337 aa:
240 1279 296 1337 sect
310 1275 374 1352 suit
386 1278 558 1354 parricidii
571 1279 703 1352 pretium
722 1278 905 1336 consulatus.
930 1276 1077 1336 Manilius
1092 1269 1166 1360 (sic)

162 1365 331 1440 Torquatus
350 1368 461 1438 filium,
484 1367 566 1440 quael
587 1366 703 1425 bostem
722 1370 937 1440 prouocantem
960 1383 1020 1426 non
1043 1383 1075 1425 se
1095 1384 1166 1442 per-

156 1458 293 1514 mittente
308 1461 516 1530 prouocasset,
539 1457 645 1514 securi
662 1455 778 1514 lictoris
797 1455 933 1512 addixit:
956 1457 1011 1514 sea
1024 1471 1167 1530 pompam

158 1545 305 1618 triumpbi
322 1560 381 1618 pro
404 1545 545 1603 mercede
568 1545 759 1603 crudelitatis
774 1545 967 1617 populariter
986 1546 1167 1619 impetravit.

157 1634 213 1692 tibi
235 1649 306 1692 uero
324 1649 407 1692 riunc
427 1649 445 1691 a
465 1633 608 1692 barbaris
627 1634 724 1692 odiosi
738 1630 861 1705 faceret
882 1631 1016 1692 Romani
1037 1635 1167 1693 nominis

158 1738 251 1781 amor.
295 1721 454 1796 postquam
474 1723 558 1794 ptius
580 1722 718 1781 sublatus
741 1726 785 1779 est
807 1722 938 1780 colludio
955 1718 1166 1801 factiosorum,

156 1812 291 1870 maluisti
307 1813 404 1884 maqis
423 1818 452 1869 te
470 1812 564 1870 ciuem
582 1812 751 1869 meminisse
769 1825 860 1882 quam
875 1815 1006 1884 putrem.
1035 1828 1092 1870 nec
1112 1812 1170 1870 tibi

157 1898 262 1973 obfuit,
281 1901 354 1972 quin
373 1916 452 1958 esses
470 1899 549 1958 liber
566 1905 647 1958 statu
667 1899 791 1970 (statum
804 1889 941 1979 Wouw.),
960 1900 1042 1972 quocl
1059 1905 1167 1975 captus

157 2003 230 2047 eros
252 1989 338 2060 (eras
361 1993 468 2062 captus
482 1978 609 2067 Wouw.)
629 1987 752 2061 affectu,
771 1992 880 2047 contra
896 1993 1016 2061 pentem
1034 1989 1166 2048 uicinam

158 2078 291 2136 ualidam
320 2079 440 2135 iratum.
486 2092 554 2135 cum
582 2076 709 2136 Ecdicio
738 2077 884 2148 (becelitio
912 2067 990 2158 Sar.)
1014 2092 1082 2137 meo
1105 2094 1166 2138 non

157 2167 308 2225 audacter
332 2181 420 2224 arma
443 2166 560 2224 mouisti
580 2182 637 2225 nec
661 2161 774 2225 ueritus
798 2181 842 2242 es,
860 2180 898 2224 ne
912 2167 997 2237 filius
1016 2172 1085 2225 tuus
1105 2168 1166 2226 iam

153 2270 251 2330 prope
275 2255 402 2326 iuuenis,
427 2255 528 2312 adbuc
548 2270 646 2329 prope
668 2256 789 2334 unicus,
809 2259 938 2328 propter
955 2256 1029 2313 uicti
1043 2253 1168 2329 fusique

158 2345 251 2403 bostis
282 2345 311 2402 si
341 2359 400 2402 non
432 2345 523 2414 iram,
553 2345 658 2402 saltem
682 2343 898 2402 uerecundiam
916 2345 1168 2418 periclitaretnr;

157 2429 186 2491 3.
206 2449 251 2509 ep.
267 2429 329 2510 VII,
348 2427 417 2510 5,2
445 2436 513 2507 post
540 2433 686 2491 aduentus
709 2433 756 2490 tui
777 2429 855 2490 adda
883 2447 1023 2491 muneres
1047 2433 1167 2492 indultu

157 2527 187 2581 et
217 2523 296 2580 inter
326 2526 425 2580 tantos
455 2525 550 2579 motus
577 2522 713 2595 partium
741 2518 947 2593 factiosarum
976 2521 1167 2581 laborantem

156 2627 203 2670 me
228 2612 487 2684 fluctuantemque
516 2611 640 2669 consilio
671 2581 985 2682 confirmtl‘coileqio
1014 2607 1166 2684 informes.

157 2697 194 2757 Et
218 2698 254 2757 de
279 2696 409 2757 secundo
433 2695 553 2774 quidem
576 2695 640 2756 loco
660 2694 719 2756 Leo
742 2698 774 2756 in
792 2696 883 2775 praes.
901 2715 929 2775 p.
948 2695 1024 2756 XXV
1043 2715 1108 2757 rem
1125 2700 1167 2758 ita

156 2788 312 2866 transegit,
339 2792 373 2846 nt
400 2785 529 2845 dubitari
557 2788 616 2845 iam
643 2792 783 2864 nequeat,
811 2786 882 2864 quin
912 2786 1011 2864 inepte
1034 2788 1166 2865 interpo-

157 2875 233 2935 latus
262 2877 313 2956 sit,
344 2873 396 2935 sed
423 2876 534 2954 primo,
562 2882 630 2954 post
658 2876 896 2935 imbricarentur
924 2879 1035 2955 tamen,
1064 2893 1166 2935 carere

157 2982 211 3024 nos
234 2983 321 3043 posse
345 2981 435 3043 nego,
458 2965 527 3041 quia
551 2982 586 3024 eo
610 2965 719 3024 omisso
739 2961 885 3041 quomodo
905 2966 1069 3023 sententiae
1088 2966 1168 3023 inter

86 3090 87 3093 =
158 3071 190 3113 se
214 3053 391 3114 cohaereant
413 3070 473 3112 non
495 3052 595 3133 video,
625 3058 712 3130 atque
737 3053 825 3111 etiam
848 3053 969 3111 tertium
993 3053 1057 3111 sine
1081 3051 1167 3112 dubi-

156 3144 267 3202 tatione
291 3144 322 3202 in
346 3148 516 3202 contextum
538 3141 696 3202 verborum
720 3142 911 3220 recepissem,
938 3141 964 3200 si
990 3139 1078 3200 modo
1106 3140 1167 3201 ullo

157 3313 268 3381 allatas,
288 3329 350 3368 aum
363 3312 514 3392 plerasque
527 3311 632 3366 nullius
646 3310 732 3380 pretii
747 3309 812 3380 sint,
831 3310 877 3366 hia
892 3325 1055 3366 enumerare
1070 3326 1166 3391 super-

157 3385 240 3442 sedeo
263 3400 318 3452 neq
319 3399 354 3437 ue
377 3381 468 3452 magis
492 3381 683 3438 necessarium
705 3381 798 3438 visum
822 3385 865 3436 est
887 3381 995 3436 variam
1016 3379 1168 3435 lectionem

157 3403 318 3509 extremaeq
321 3453 459 3524 epistulae
477 3453 496 3510 l
512 3453 595 3508 111
586 3472 617 3507 ιιι
635 3453 733 3508 Fausti
756 3455 786 3508 ab
803 3452 910 3508 Ruricii
933 3452 1029 3506 codice
1048 3451 1166 3522 Sangal-

155 3525 228 3650 {pnbsi
249 3543 291 3652 ἰ.
287 3525 325 3579 ΙΧ
349 3526 476 3579 servatae
502 3529 629 3594 enotare,
656 3524 760 3595 quippe
784 3541 856 3594 quae
883 3523 956 3579 nihil
983 3522 1165 3578 memorabile

177 3613 193 3650 a
215 3613 247 3650 ea
