2628 4034
521 217 674 274 CARMEN
691 218 751 274 VII.
1077 213 1143 284 289

216 371 276 428 iam
298 367 426 447 pallente
450 367 498 427 die
523 367 718 447 flagrantique
742 370 837 430 excita
860 369 970 430 mnndo

217 475 274 537 pax
297 457 511 517 elementorum
533 457 647 517 fureret
669 457 715 517 vel
739 460 817 518 sicca
839 461 1025 538 propinquus

218 548 345 608 saeviret
366 565 421 625 per
444 552 545 624 stagna
569 563 659 624 vapor
683 545 829 625 limusque
854 548 952 607 sitiret

218 634 358 714 pulvereo
381 636 465 714 ponti
488 634 589 715 fundo,
613 642 684 696 tunc
707 637 795 695 unica
818 635 930 696 Phoebi
986 639 988 646 ’
1033 679 1041 698 .

144 733 200 785 410
219 726 369 784 insuetum
392 723 523 784 clemens
547 726 674 784 extinxit
697 724 814 784 flamma
837 725 973 785 calorem.

262 812 317 873 llic
341 812 448 891 aliquis
471 820 536 873 tnm
558 813 634 873 forte
659 812 756 894 Getes,
781 814 852 874 dnm
874 813 949 874 falce
972 821 1090 875 recocta

218 901 328 962 ictibus
351 902 490 962 informat
514 920 643 980 saxoque
666 905 832 963 cacuminat
855 921 965 985 ensem,

219 992 278 1050 iam
300 998 454 1070 promptus
479 990 605 1051 caluisse
628 991 718 1072 tubis,
742 995 800 1052 iam
823 995 940 1071 iamque
963 993 1115 1071 frequenti

219 1079 309 1139 caede
333 1080 502 1158 sepulturus
526 1086 638 1140 terram
660 1099 720 1140 non
743 1080 828 1141 hoste
851 1081 977 1162 sepulto,

146 1178 200 1228 415
221 1166 327 1228 claruit
348 1176 382 1229 nt
404 1171 535 1247 primum
557 1186 666 1229 nemen
688 1171 834 1230 venientis
857 1170 943 1251 Aviti,

221 1255 377 1318 exclamat:
400 1252 502 1337 ‘periit
524 1257 643 1337 bellum,
667 1258 734 1318 date
757 1277 862 1320 rursus
885 1267 989 1320 aratra.

220 1347 280 1405 otia
304 1349 330 1406 si
353 1346 464 1426 replico
488 1348 605 1426 priscae
627 1345 703 1407 bene
728 1355 797 1408 nota
820 1351 939 1430 qnietis

220 1452 280 1495 non
304 1434 396 1495 semel
419 1438 477 1496 iste
499 1435 574 1495 mihi
597 1436 709 1496 lerrnm
731 1436 807 1497 tnlit.
854 1456 870 1497 ο
894 1435 1002 1517 pudorl
1027 1457 1043 1498 ο
1068 1436 1112 1498 dil

219 1529 334 1584 tantum
357 1542 445 1603 posse
468 1522 569 1584 fidem!
594 1524 665 1603 quid
688 1525 807 1587 foedera
830 1525 908 1586 lenta
931 1529 1064 1608 minaris,

149 1621 202 1672 420
224 1614 255 1673 in
280 1613 420 1674 damnum
442 1613 516 1673 mihi
538 1613 596 1673 lide
619 1610 740 1674 meum?
764 1615 937 1694 compendia
960 1617 1041 1694 pacis

221 1708 251 1760 et
272 1709 424 1779 praestare
447 1701 533 1762 iubes
556 1720 611 1762 nos
634 1709 665 1763 et
687 1703 809 1764 debere:
833 1705 900 1782 quis
923 1723 1062 1783 umquam

222 1788 380 1851 crederet?
403 1809 441 1851 en
464 1790 560 1851 Getici
583 1809 678 1872 reges,
701 1810 808 1870 parere
830 1792 972 1874 volentes

221 1878 346 1939 inferius
370 1898 510 1958 regnasse
533 1887 646 1958 putant.
692 1899 748 1941 nec
771 1881 870 1941 dicere
894 1881 993 1942 saltim

221 1966 354 2026 desidiae
379 1968 501 2029 obtentu
523 1988 645 2047 possum
668 1977 697 2030 te
721 1969 833 2048 proelia
857 1969 948 2031 nolle:

148 2065 202 2114 425
221 2073 325 2134 pacem
348 2056 433 2117 fortis
457 2076 545 2118 amas.
592 2061 651 2118 iam
672 2065 772 2138 partes
797 2061 903 2119 sternit
925 2059 1041 2141 dvitns3

221 2145 344 2223 insuper
367 2152 396 2205 et
420 2143 536 2206 Geticas
559 2149 741 2226 praemissus
766 2151 897 2208 continet
919 2151 979 2209 iras

220 2232 398 2315 Messianns3
421 2233 516 2294 adhuc
539 2237 693 2317 mandasti,
716 2244 746 2297 et
768 2239 906 2316 ponimus
929 2255 1019 2298 arma.

221 2321 292 2400 qnid
306 2329 407 2404 restat,
426 2323 504 2401 quod
523 2342 610 2402 posse
629 2322 724 2385 velis?
748 2326 826 2404 qnod
841 2345 900 2386 non
915 2345 1018 2388 snmus
1032 2326 1146 2409 hostes,

221 2429 310 2488 parva
333 2429 414 2493 re0r3
437 2413 536 2491 prisco
559 2419 592 2473 tn
616 2416 642 2473 si
663 2414 737 2473 mihi
759 2422 847 2475 notns
870 2418 902 2475 in
925 2423 993 2476 actu
1016 2435 1058 2497 ea,

149 2510 203 2559 430
222 2499 372 2561 auxiliaris
396 2519 460 2561 ero:
483 2500 530 2560 vel
554 2503 597 2561 sic
620 2519 751 2580 pugnare
774 2499 894 2564 licebit?

267 2589 346 2649 llaec
369 2608 471 2650 secum
494 2590 590 2668 rigido
613 2590 707 2651 Vesns
730 2591 802 2652 dum
824 2592 912 2652 corde
936 2591 1056 2674 volutat,

222 2685 344 2738 ventum
366 2681 398 2739 in
421 2685 613 2758 conspectum
635 2680 738 2740 luerat.
785 2698 837 2739 rex
862 2687 949 2758 atque
972 2684 1116 2760 magister

222 2774 344 2846 propter
367 2769 573 2848 constiterant3
597 2768 645 2828 hic
667 2768 750 2829 vultu
773 2776 900 2849 erectus,
924 2776 952 2829 at
975 2768 1024 2829 ille

223 2855 334 2916 laetitia
357 2856 476 2917 erubuit
498 2859 674 2937 veniamque
697 2857 806 2918 rubere
829 2859 973 2937 poposcit.

148 2955 204 3004 455
224 2954 293 3024 post
316 2945 385 3005 hinc
409 2937 549 3024 germano
573 2949 662 3027 regie,
685 2947 762 3015 hinc
777 2964 847 3025 rege
870 2953 986 3007 retento

223 3033 382 3094 Palladiam
404 3034 556 3113 implicitis
579 3035 715 3096 manibus
739 3035 858 3095 subiere
881 3035 1026 3097 Tolosam.

223 3122 301 3182 hand
326 3141 412 3183 secus
435 3125 556 3184 insertis
580 3124 616 3184 ad
638 3123 803 3203 pulvinaria
825 3124 930 3204 palmis

223 3211 367 3272 Romulus
390 3219 420 3271 et
442 3212 543 3272 Tatius
567 3212 671 3274 foedus
694 3215 801 3294 iecere,
823 3220 981 3292 parentum
1094 3269 1096 3274 .

224 3319 293 3361 cnm
316 3301 394 3360 ferro
418 3307 448 3360 et
471 3300 582 3361 rabidis
606 3309 729 3380 cognato
752 3304 783 3362 in
806 3302 898 3363 Marte
921 3304 1035 3363 maritis

206 3511 259 3560 412
279 3506 409 3576 ferroque
428 3509 454 3562 Τ
465 3511 475 3575 ΙΙ
488 3514 540 3564 426
559 3508 699 3582 continet]
718 3511 859 3580 temperat
877 3511 923 3579 Tl
938 3515 989 3565 429
1008 3510 1052 3581 ln]
1071 3508 1149 3578 quod

135 3578 183 3648 ΤΙΙ
196 3581 248 3631 431
269 3577 336 3632 dum
354 3596 436 3634 vesus
456 3579 487 3634 F
498 3584 508 3651 l
549 3607 551 3615 r

188 3676 357 3720 Aronnmnnrs
372 3679 406 3720 ed.
420 3679 446 3720 Μ
451 3679 508 3722 ohr.
956 3677 988 3725 19
