2660 4030
178 209 242 276 160
256 197 259 202 ’
524 207 633 262 LIBER
651 207 838 263 SEPTIMUS.

177 357 343 440 descendit,
372 360 424 436 qui
451 364 501 418 aut
523 357 690 418 lilterarum
714 364 764 418 aut
786 356 924 418 altarium
943 358 1097 419 cathedras
1121 377 1217 420 cum·

60 439 72 461 ⁰
178 451 225 508 sui
248 447 362 508 ordinis
385 446 470 508 laude
494 453 663 508 tenuerunt.
701 465 772 507 sane
796 449 865 526 quia
888 464 1015 525 persona
1038 455 1190 509 matronae
1307 455 1310 462 '

176 536 374 597 verecundam
388 537 628 615 succinctamque
643 537 691 596 sui
705 537 797 614 exigit
810 537 1001 617 mentionem,
1020 544 1191 598 constanter

117 619 119 624 ’
177 626 375 686 adstruxerim
389 623 571 704 respondere
590 623 671 685 illam
689 625 829 685 seminam
844 624 1018 685 sacerdotiis
1030 615 1210 705 utriusque'

149 714 320 795 alamiliae,
351 713 398 775 val
428 712 481 774 uhi
513 713 618 774 educta
650 715 744 774 crevit
770 713 817 774 vel
844 713 896 773 ubi
923 713 1017 775 electa
1044 717 1190 794 migravit.

104 821 108 832 ·
176 803 253 864 filios
272 803 357 864 ambo
377 802 453 864 bene
468 809 498 863 et
516 802 680 882 prudenter
694 805 778 863 instit
765 809 862 884 t,uunt
881 802 989 882 quibus
1004 810 1191 907 comparatus

176 899 260 972 pater
283 893 352 952 inde
375 891 492 952 felicior
514 893 620 970 incipit
641 910 717 972 esse,
740 894 809 971 quia
827 893 964 953 vincitur.
1001 889 1052 954 25.
1073 900 1102 953 et
1121 895 1191 972 quia

177 983 354 1042 sententiam
377 981 530 1060 parvitatis
553 998 635 1040 meae
659 983 691 1040 in
714 980 768 1040 hac
787 979 932 1041 electione
951 980 1104 1063 valituram
1125 1000 1191 1042 esse

177 1073 322 1152 iurastis,
327 1068 484 1174 siquidem
493 1087 554 1129 non
572 1076 618 1129 est
606 1069 761 1130 tvalidIus
781 1068 880 1130 dicere
900 1055 1084 1131 sacramenta
1102 1088 1192 1150 quam

139 1159 323 1220 rosoribere.
351 1160 525 1219 innomine
548 1159 641 1237 patris
665 1165 695 1218 et
717 1157 773 1218 filii
795 1165 825 1219 et
849 1161 972 1237 spiritus
996 1161 1095 1220 sancti
1115 1159 1191 1220 Sim-

177 1248 285 1328 plicius
309 1255 364 1329 est,
387 1266 476 1327 quem
497 1248 668 1330 provinciae
691 1254 810 1308 nostrae
829 1247 1097 1331 metropolitanum,
1121 1250 1193 1309 civi-

177 1338 231 1397 tati
258 1344 373 1397 vestrae
402 1354 549 1397 summum
580 1336 764 1397 sacerdotem
792 1337 857 1397 fieri
885 1336 993 1397 dehere
1022 1339 1191 1416 pronuntio.

178 1433 342 1487 vosautem
362 1425 397 1486 de
412 1428 476 1486 viro
492 1443 550 1504 quo
569 1423 719 1504 loquimur
738 1428 764 1486 si
782 1443 887 1486 novam
907 1428 1082 1487 sententiam
1096 1444 1194 1487 meam

179 1517 352 1598 sequimini,
377 1514 539 1576 secuudum
562 1520 692 1575 vestram
714 1521 845 1575 veterem
870 1517 1043 1575 consonate'

612 1758 644 1823 X
682 1758 752 1824 XI.
1144 1823 1146 1826 .

141 1896 166 1938 15
272 1881 440 1938 SIDONIUS
458 1880 604 1936 DOMINO
622 1756 742 1935 PAl’AE)
762 1880 907 1937 GRAECO
927 1881 1104 1938 SALUTEM.

202 2029 209 2044 ·
248 1996 277 2058 1.
304 1996 424 2056 Invideo
452 1996 588 2056 felicitati
615 1994 870 2056 consuetudinarii
896 1998 1063 2077 portitoris,
1091 2015 1107 2056 a
1135 2013 1193 2076 quo

181 2087 305 2164 contigit
335 2087 453 2164 saepius
477 2102 529 2144 vos
552 2084 654 2145 vIderi.
692 2082 745 2144 sed
769 2085 840 2163 quid
863 2084 900 2145 de
923 2085 1057 2145 Amantio
1081 2084 1194 2168 loquar,

182 2191 250 2234 cum
270 2175 348 2252 ipsas
369 2187 486 2252 quoque
505 2173 619 2234 litteras
642 2190 723 2232 meas
742 2173 881 2254 aemuler,
905 2192 980 2254 quae
999 2177 1195 2236 sacrosanctis

182 2262 409 2340 reserabuntur,
423 2262 536 2342 dIgitis,
564 2263 762 2340 inspicientur
785 2259 960 2323 obtutibus?
996 2271 1102 2342 elego
1126 2266 1195 2325 istIc

142 2368 168 2408 eo
182 2353 260 2411 inter
280 2352 437 2411 semiustas
456 2352 535 2412 muri
554 2349 665 2430 fragilis
685 2349 803 2412 clausus
822 2353 972 2430 angustias
990 2351 1061 2412 belli
1079 2359 1195 2413 terrore

182 2442 315 2518 contigui
346 2439 494 2500 desiderio
528 2439 564 2499 de
596 2439 679 2500 vobis
711 2458 779 2500 meo
809 2458 994 2520 nequaquam
1026 2441 1195 2502 satisfacere

181 2531 346 2609 permittor.
393 2536 480 2632 atque
508 2531 620 2589 utinam
647 2529 721 2597 haec
749 2536 828 2589 esset
850 2530 998 2590 Arvernae
1027 2529 1121 2591 lorma
1148 2530 1195 2591 vel

141 2637 144 2644 ·
183 2636 271 2679 causa
294 2620 433 2698 regionis,
457 2625 490 2678 ut
512 2620 611 2678 minus
631 2616 816 2678 excusabiles
836 2617 1058 2680 excusaremur!
1094 2618 1122 2681 2.
1143 2620 1196 2680 sed

184 2707 262 2787 quod
286 2714 331 2768 est
354 2706 472 2788 durius,
497 2725 551 2786 per
573 2708 736 2766 iniustitiae
759 2713 878 2767 nostrae
902 2709 1007 2768 merita
1031 2709 1196 2791 conficitur,

143 2813 169 2854 aa
183 2804 217 2857 ut
244 2797 394 2857 excusatio
421 2795 507 2857 nobis
535 2797 612 2856 iusta
635 2813 695 2856 non
723 2794 809 2856 desit.
855 2798 993 2875 quocirca
1021 2797 1197 2858 salutatione

183 2886 326 2968 praelata,
355 2887 431 2946 sicut
458 2903 522 2946 mos
549 2886 646 2965 poscit
674 2884 776 2965 oflicii,
808 2903 914 2964 magno
942 2903 1032 2964 opere
1059 2886 1197 2968 deposco,

184 2984 217 3035 ut
244 2977 364 3040 interim
392 2976 549 3051 remittatis
578 2974 769 3034 occursionis·
790 2973 923 3034 debitum
952 2974 998 3034 vel
1026 2974 1114 3035 verba
1138 2975 1197 3034 sol·
1228 2977 1231 2982 “

184 3066 273 3124 venti.
318 3074 387 3123 nam
415 3065 441 3123 si
469 3062 653 3124 commeandi
681 3061 803 3122 libertas
831 3081 903 3142 pace
927 3072 1096 3143 revocetur,
1123 3062 1197 3124 illud

257 3255 393 3342 eluentis
412 3288 471 3342 Μ’
495 3290 505 3358 11
535 3294 567 3342 13
587 3304 642 3357 quo
665 3290 756 3356 codd„
779 3303 863 3356 quem
881 3287 1072 3369 ΙΛιοιᾸοιιαιιιι,
1098 3289 1145 3345 sed
1163 3291 1199 3358 os.

93 3359 123 3389 ·'
185 3359 282 3414 Ruris.
302 3375 343 3428 ep
357 3359 402 3426 ΙΙ,
415 3363 454 3414 29
477 3359 512 3414 de
536 3375 634 3428 causa,
659 3376 715 3426 quo
737 3358 807 3412 mihi
826 3358 948 3413 scribere
972 3357 1084 3428 dignati
1102 3359 1198 3432 celiel!

187 3437 219 3484 lv
239 3429 336 3500 oontig
337 3429 361 3484 it
379 3430 444 3486 ΙΝ
448 3431 478 3499 T
498 3430 640 3501 contingit
657 3430 788 3500 ΜΟΙΙῙΒ
807 3446 884 3485 meas
903 3446 953 3486 om.
975 3430 1018 3499 Ul}
1031 3436 1065 3485 23
1085 3448 1197 3488 excusa·

185 3515 280 3554 remur
298 3501 332 3555 N
317 3448 371 3554 M
376 3501 433 3569 OT
456 3449 643 3558 iudicaremur
660 3502 739 3569 LV,·
757 3503 792 3566 cf.
811 3501 908 3558 Ruris.
927 3519 967 3571 ep
982 3503 1009 3570 Ι,
1023 3507 1043 3559 2
1061 3503 1097 3557 ud
1117 3521 1198 3558 excu-

188 3571 291 3626 sandas
310 3544 504 3628 excusationes
523 3580 549 3629 et
567 3574 801 3641 Psalm.140,dll
