2636 4032
197 176 240 240 92
548 174 657 228 arena
675 174 851 240 ouranos,

198 333 333 386 remanet
356 331 435 385 totus
458 331 597 404 totusque
620 325 805 385 transfertur.
852 326 931 385 unde
954 327 1013 386 iam
1036 321 1127 405 parce
1153 333 1220 387 tre-

197 413 300 493 pidare
321 413 416 491 deque
435 413 568 475 moribus
588 415 675 474 amici
693 412 861 493 plusculum
876 421 958 475 recto
975 432 1061 475 secus
1076 415 1217 477 credere.

199 520 325 580 namque
349 504 382 561 in
404 501 460 562 lroc
483 503 560 563 lacto
583 520 638 562 nos
661 505 754 582 magis
778 501 884 563 vulnus
909 502 1015 582 polluit
1038 503 1160 586 culpae,
1193 508 1221 565 si

201 591 287 651 feriat
310 593 387 651 ictus
410 591 547 652 invidiae.
584 590 655 652 vale.

653 816 757 882 XVII.

173 950 186 991 a
369 938 535 994 SIDONIUS
554 937 758 994 ARBOGASTI
778 938 846 994 SUO
866 938 1044 996 SALUTEM.

268 1050 295 1115 1.
314 1053 501 1114 Eminentius
520 1054 633 1112 amicus
651 1060 730 1134 tuuS,
753 1052 871 1113 domine
890 1055 993 1136 maior,
1011 1053 1119 1115 obtulit
1139 1055 1220 1114 mihi
1286 1053 1287 1106 l

200 1161 272 1222 quas
303 1145 368 1222 ipse
401 1141 520 1202 dictasti
551 1140 665 1202 litteras
695 1141 840 1202 litteratas
869 1149 898 1202 et
925 1144 1037 1221 gratiae
1065 1143 1220 1205 trifariam

199 1231 364 1292 renidentis
388 1229 468 1291 cultu
492 1231 625 1291 refertas.
663 1249 788 1309 quarum
812 1233 914 1310 utique
937 1233 1080 1293 virtutum
1104 1235 1220 1293 caritas
1286 1269 1287 1272 =

200 1322 296 1399 prima
319 1326 373 1400 est,
397 1337 471 1398 quae
494 1327 523 1380 te
548 1321 644 1398 coegit
666 1321 698 1379 in
721 1318 807 1380 nobis
830 1319 877 1380 vel
899 1323 1066 1400 peregrinis
1088 1321 1135 1382 vel
1154 1323 1220 1381 iarn
1286 1323 1287 1392 1

161 1432 187 1472 10
200 1408 292 1469 latere
315 1407 504 1488 cupientibus
526 1408 650 1469 humilia
673 1409 802 1490 dignari3
825 1416 888 1468 tum
911 1409 1103 1490 verecundia,
1126 1412 1220 1470 cuius
1286 1429 1287 1490 3

201 1499 344 1558 instinctu
367 1497 438 1558 dum
460 1499 599 1557 inmerito
618 1497 758 1578 trepidas,
780 1500 887 1558 merito
906 1498 1101 1579 praedicaris3
1125 1501 1221 1558 tertia
1286 1515 1287 1568 1

200 1585 362 1668 urbanitas,
386 1593 495 1666 quate
519 1588 646 1665 ineptire
670 1586 849 1646 facetissime
873 1585 981 1666 allegas
1002 1594 1032 1647 et
1050 1586 1220 1658 Quirinalis

201 1676 340 1755 impletus
370 1675 450 1736 fonte
479 1675 633 1735 facundiae
660 1682 746 1754 potor
773 1674 910 1736 Mosellae
939 1674 1072 1736 Tiberim
1103 1683 1219 1757 ructas,
1286 1713 1287 1726 1

202 1766 245 1824 sic
272 1764 465 1825 barbarorum
493 1763 660 1844 familiaris,
688 1763 766 1842 quod
794 1771 894 1824 tamen
919 1767 1040 1825 nescius
1063 1763 1219 1825 barbaris·

162 1877 187 1917 15
200 1872 326 1934 morum,
348 1872 402 1932 par
421 1852 546 1913 ducibus
566 1854 694 1932 antiquis
713 1852 814 1931 lingua
831 1871 989 1934 manuque,
1013 1853 1066 1913 sed
1086 1871 1219 1932 quornm

201 1943 322 2003 dextera
350 1940 463 2002 solebat
484 1959 544 2002 non
568 1941 667 2002 stilum
691 1943 788 2002 minus
811 1949 938 2003 tractare
962 1960 1050 2021 quam
1073 1941 1218 2020 gladium.

202 2029 230 2091 2.
255 2032 394 2108 quocirca
414 2032 559 2090 sermonis
578 2048 685 2110 pompa
704 2029 838 2111 Romani,
862 2033 887 2091 si
907 2049 964 2110 qua
983 2031 1078 2091 adhuc
1096 2033 1219 2110 uspiam
1286 2107 1287 2112 ἵ

202 2126 256 2199 est,
274 2118 402 2196 Belgicis
421 2117 491 2178 olim
511 2120 571 2180 sive
590 2119 740 2179 Rhenanis
759 2119 867 2180 abolita
884 2122 974 2180 terris
993 2121 1026 2179 in
1043 2127 1073 2180 te
1093 2120 1219 2200 resedit,
1286 2113 1287 2180 l

202 2226 261 2287 quo
284 2207 331 2266 vel
353 2206 495 2267 incolumi
517 2207 563 2266 vel
585 2214 756 2288 perorante,
780 2210 836 2269 etsi
860 2208 937 2288 apud
961 2207 1085 2269 limitem
1108 2207 1218 2269 Latina

162 2320 188 2360 eo
202 2299 267 2357 iura
290 2295 471 2376 ceciderunt,
493 2295 581 2356 rerba
603 2314 663 2356 non
686 2295 821 2357 titubant.
864 2304 1044 2377 quapropter
1067 2296 1218 2358 alternum

203 2384 281 2445 salve
304 2384 471 2464 rependens
490 2385 640 2464 granditer
659 2385 753 2445 laetor
776 2384 873 2446 saltim
895 2388 928 2445 in
950 2385 1070 2447 inlustri
1092 2394 1217 2465 pectore

202 2482 253 2534 tuo
281 2476 502 2535 vanescentium
529 2473 695 2535 litterarum
722 2476 900 2535 remansisse
923 2476 1061 2556 vestigia,
1089 2493 1165 2554 quae
1191 2478 1218 2537 si

203 2562 352 2642 frequenti
380 2561 505 2624 lectione
534 2565 689 2624 continuas
695 2611 705 2645 ,
733 2565 887 2643 experiere
915 2582 969 2643 per
997 2563 1075 2644 dies,
1103 2572 1216 2643 quanto

203 2650 382 2713 antecellunt
410 2650 507 2712 beluis
534 2652 684 2734 homines,
711 2659 792 2712 tanto
821 2653 962 2713 anteferri
985 2654 1105 2714 rusticis
1129 2655 1218 2713 insti·

163 2764 189 2804 ea
203 2748 291 2802 tutos.
329 2738 357 2802 3.
382 2740 418 2801 de
441 2743 557 2821 paginis
581 2759 651 2801 sane
676 2741 754 2820 quod
778 2741 961 2820 spiritalibus
984 2743 1028 2801 vis
1052 2749 1086 2802 ut
1104 2741 1219 2820 aliquid

202 2832 351 2909 interpres
383 2828 536 2909 improbus
569 2832 710 2911 garriam,
741 2832 849 2891 iustius
881 2831 953 2891 haec
983 2829 1171 2910 postulantur
1203 2850 1220 2890 a

203 2918 406 2979 sacerdotibus
429 2918 493 2979 loco
517 2921 693 2998 propinquis
717 2925 811 2979 aetate
835 2919 1022 3002 grandaevis,
1045 2919 1102 2980 fide
1127 2919 1219 2980 claris

203 3026 293 3087 opere
316 3005 450 3089 vulgatis,
474 3025 525 3068 ore
548 3010 694 3087 promptis
718 3010 860 3068 memoria
879 3008 1041 3090 tenacibus,
1065 3010 1145 3068 omni
1164 3008 1218 3068 de-

276 3186 290 3233 t
309 3180 387 3233 totus
401 3179 535 3247 totusque
550 3178 621 3246 LN,
638 3180 685 3234 scd
702 3180 746 3234 bic
764 3179 812 3235 alt.
831 3180 908 3234 totus
923 3196 983 3249 erp.
997 3185 1024 3234 et
1041 3193 1095 3247 que
1114 3179 1146 3233 in
1164 3177 1218 3245 qni

203 3266 282 3317 corn,
298 3251 375 3304 totus
396 3248 445 3318 qui
464 3253 526 3317 (om.
546 3251 594 3306 alt.
613 3252 702 3315 totus)
721 3250 759 3304 M
762 3249 838 3318 οΤ1
857 3254 873 3303 5
891 3252 974 3306 focace.
993 3267 1043 3305 om.
1063 3249 1090 3304 L
1106 3252 1110 3317 1
1127 3248 1217 3303 Arbo-

203 3321 279 3390 gasti
297 3321 456 3389 Mommsen,
483 3321 627 3390 arvogastiv
646 3321 722 3386 ΜΤ,
751 3323 901 3391 anagasto
930 3323 989 3390 (alt.
1014 3337 1031 3374 a
1053 3336 1121 3376 corr.
1145 3321 1177 3374 in
1198 3337 1216 3373 o

205 3391 301 3463 0²)0l
317 3399 348 3446 16
368 3391 468 3446 dextra
485 3393 523 3446 M
528 3392 574 3460 01
595 3396 627 3445 18
647 3392 718 3462 sive]
738 3409 787 3446 seu
808 3393 855 3462 011
875 3397 907 3446 19
922 3400 987 3462 post
1004 3390 1125 3445 limitem
1148 3392 1214 3446 aad.

202 3461 296 3531 ipsum
315 3462 378 3518 Cet
395 3480 415 3518 a.
435 3463 452 3518 l.
473 3462 528 3531 M¹‚
548 3479 612 3516 eum
633 3463 664 3530 T,
686 3479 737 3517 om.
752 3462 818 3518 LN
836 3467 845 3533 11
868 3469 901 3516 22
921 3479 977 3532 qua
996 3463 1036 3531 0¹,
1061 3478 1130 3530 quas
1151 3462 1184 3517 Ol
1202 3465 1213 3532 11

203 3540 239 3588 24
258 3532 429 3588 antecedunt
449 3532 539 3602 01126
557 3533 777 3602 postulabuntur
795 3534 843 3602 (bu
861 3551 882 3589 s.
902 3535 919 3589 l.
939 3534 1002 3590 add.
1018 3533 1143 3602 ,Μ11Μ1
