<?xml version="1.0" encoding="UTF-8"?>
<!DOCTYPE html PUBLIC "-//W3C//DTD XHTML 1.0 Transitional//EN"
    "http://www.w3.org/TR/xhtml1/DTD/xhtml1-transitional.dtd">
<html xmlns="http://www.w3.org/1999/xhtml" xml:lang="en" lang="en">
 <head>
  <title>
</title>
<meta http-equiv="Content-Type" content="text/html;charset=utf-8" />
  <meta name='ocr-system' content='tesseract 3.04.00' />
  <meta name='ocr-capabilities' content='ocr_page ocr_carea ocr_par ocr_line ocrx_word'/>
</head>
<body>
  <div class='ocr_page' id='page_1' title='image "./csolliusapollin01apolgoog_0308.png"; bbox 0 0 2610 4056; ppageno 0'>
   <div class='ocr_carea' id='block_1_1' title="bbox 551 239 1159 306">
    <p class='ocr_par' dir='ltr' id='par_1_1' title="bbox 551 239 1159 306">
     <span class='ocr_line' id='line_1_1' title="bbox 551 239 1159 306; baseline -0.003 -10"><span class='ocrx_word' id='word_1_1' title='bbox 551 239 704 296; x_wconf 79' lang='lat' dir='ltr'><strong>CARMEN</strong></span> <span class='ocrx_word' id='word_1_2' title='bbox 721 241 755 295; x_wconf 93' lang='grc' dir='ltr'>Π.</span> <span class='ocrx_word' id='word_1_3' title='bbox 1094 240 1159 306; x_wconf 78' lang='grc'>251</span> 
     </span>
    </p>
   </div>
   <div class='ocr_carea' id='block_1_2' title="bbox 161 389 1193 3224">
    <p class='ocr_par' dir='ltr' id='par_1_2' title="bbox 166 389 1034 825">
     <span class='ocr_line' id='line_1_2' title="bbox 166 389 1034 469; baseline -0.002 -17"><span class='ocrx_word' id='word_1_4' title='bbox 166 395 218 452; x_wconf 78' lang='lat'>890</span> <span class='ocrx_word' id='word_1_5' title='bbox 236 389 388 450; x_wconf 88' lang='lat' dir='ltr'>mandatas</span> <span class='ocrx_word' id='word_1_6' title='bbox 412 389 470 450; x_wconf 85' lang='lat' dir='ltr'>sert</span> <span class='ocrx_word' id='word_1_7' title='bbox 492 389 561 450; x_wconf 90' lang='lat' dir='ltr'>iude</span> <span class='ocrx_word' id='word_1_8' title='bbox 585 407 699 468; x_wconf 80' lang='lat' dir='ltr'><strong>preces,</strong></span> <span class='ocrx_word' id='word_1_9' title='bbox 746 408 819 469; x_wconf 89' lang='lat' dir='ltr'>quas</span> <span class='ocrx_word' id='word_1_10' title='bbox 842 390 909 450; x_wconf 88' lang='lat' dir='ltr'>diva</span> <span class='ocrx_word' id='word_1_11' title='bbox 932 397 1034 450; x_wconf 89' lang='lat' dir='ltr'>secuta</span> 
     </span>
     <span class='ocr_line' id='line_1_3' title="bbox 235 478 941 559; baseline 0.003 -21"><span class='ocrx_word' id='word_1_12' title='bbox 235 485 356 558; x_wconf 90' lang='lat' dir='ltr'>apparat</span> <span class='ocrx_word' id='word_1_13' title='bbox 379 480 423 538; x_wconf 88' lang='lat' dir='ltr'>ire</span> <span class='ocrx_word' id='word_1_14' title='bbox 446 481 532 538; x_wconf 87' lang='lat' dir='ltr'>viam.</span> <span class='ocrx_word' id='word_1_15' title='bbox 578 478 689 539; x_wconf 91' lang='lat' dir='ltr'>laxatos</span> <span class='ocrx_word' id='word_1_16' title='bbox 713 485 796 538; x_wconf 89' lang='lat' dir='ltr'>torva</span> <span class='ocrx_word' id='word_1_17' title='bbox 820 478 941 559; x_wconf 83' lang='lat' dir='ltr'>capillos</span> 
     </span>
     <span class='ocr_line' id='line_1_4' title="bbox 235 566 1009 648; baseline 0.003 -22"><span class='ocrx_word' id='word_1_18' title='bbox 235 569 354 646; x_wconf 91' lang='lat' dir='ltr'>stringit</span> <span class='ocrx_word' id='word_1_19' title='bbox 377 573 406 628; x_wconf 91' lang='lat' dir='ltr'>et</span> <span class='ocrx_word' id='word_1_20' title='bbox 429 566 560 628; x_wconf 86' lang='lat' dir='ltr'>inclusae</span> <span class='ocrx_word' id='word_1_21' title='bbox 584 567 734 628; x_wconf 88' lang='lat' dir='ltr'>latuerunt</span> <span class='ocrx_word' id='word_1_22' title='bbox 757 567 871 628; x_wconf 82' lang='lat' dir='ltr'>casside</span> <span class='ocrx_word' id='word_1_23' title='bbox 895 574 1009 648; x_wconf 81' lang='lat' dir='ltr'>turres3</span> 
     </span>
     <span class='ocr_line' id='line_1_5' title="bbox 235 655 974 736; baseline 0.001 -21"><span class='ocrx_word' id='word_1_24' title='bbox 235 655 327 716; x_wconf 84' lang='lat' dir='ltr'>infula</span> <span class='ocrx_word' id='word_1_25' title='bbox 349 655 450 717; x_wconf 88' lang='lat' dir='ltr'>laurus</span> <span class='ocrx_word' id='word_1_26' title='bbox 474 664 545 717; x_wconf 88' lang='lat' dir='ltr'>erat.</span> <span class='ocrx_word' id='word_1_27' title='bbox 591 655 680 716; x_wconf 89' lang='lat' dir='ltr'>bullis</span> <span class='ocrx_word' id='word_1_28' title='bbox 703 655 862 717; x_wconf 88' lang='lat' dir='ltr'>hostilibus</span> <span class='ocrx_word' id='word_1_29' title='bbox 886 674 974 736; x_wconf 80' lang='lat' dir='ltr'>asper</span> 
     </span>
     <span class='ocr_line' id='line_1_6' title="bbox 235 743 972 825; baseline 0 -20"><span class='ocrx_word' id='word_1_30' title='bbox 235 744 362 825; x_wconf 88' lang='lat' dir='ltr'>applicat</span> <span class='ocrx_word' id='word_1_31' title='bbox 385 763 401 804; x_wconf 91' lang='lat' dir='ltr'>a</span> <span class='ocrx_word' id='word_1_32' title='bbox 423 745 505 805; x_wconf 88' lang='lat' dir='ltr'>laeva</span> <span class='ocrx_word' id='word_1_33' title='bbox 528 751 700 824; x_wconf 77' lang='lat' dir='ltr'>surgentem</span> <span class='ocrx_word' id='word_1_34' title='bbox 722 743 838 806; x_wconf 85' lang='lat' dir='ltr'>balteus</span> <span class='ocrx_word' id='word_1_35' title='bbox 862 763 972 806; x_wconf 88' lang='lat' dir='ltr'>ensem.</span> 
     </span>
    </p>

    <p class='ocr_par' dir='ltr' id='par_1_3' title="bbox 163 833 1193 1268">
     <span class='ocr_line' id='line_1_7' title="bbox 163 833 994 914; baseline -0.001 -19"><span class='ocrx_word' id='word_1_36' title='bbox 163 845 215 895; x_wconf 79' lang='lat'>395</span> <span class='ocrx_word' id='word_1_37' title='bbox 233 835 376 894; x_wconf 89' lang='lat' dir='ltr'>inseritur</span> <span class='ocrx_word' id='word_1_38' title='bbox 399 833 494 913; x_wconf 89' lang='lat' dir='ltr'>clipeo</span> <span class='ocrx_word' id='word_1_39' title='bbox 518 836 623 895; x_wconf 91' lang='lat' dir='ltr'>victrix</span> <span class='ocrx_word' id='word_1_40' title='bbox 646 852 767 914; x_wconf 82' lang='lat' dir='ltr'>mauus3</span> <span class='ocrx_word' id='word_1_41' title='bbox 791 833 871 895; x_wconf 91' lang='lat' dir='ltr'>illius</span> <span class='ocrx_word' id='word_1_42' title='bbox 891 833 994 894; x_wconf 90' lang='lat' dir='ltr'>orbem</span> 
     </span>
     <span class='ocr_line' id='line_1_8' title="bbox 233 920 1157 1004; baseline 0.003 -23"><span class='ocrx_word' id='word_1_43' title='bbox 233 920 422 1004; x_wconf 81' lang='lat' dir='ltr'>Martigenae,</span> <span class='ocrx_word' id='word_1_44' title='bbox 444 922 522 1004; x_wconf 90' lang='lat' dir='ltr'>lupa,</span> <span class='ocrx_word' id='word_1_45' title='bbox 541 922 677 1004; x_wconf 73' lang='lat' dir='ltr'>Thybris,</span> <span class='ocrx_word' id='word_1_46' title='bbox 700 922 799 1003; x_wconf 81' lang='lat' dir='ltr'>Amor,</span> <span class='ocrx_word' id='word_1_47' title='bbox 817 922 905 1004; x_wconf 80' lang='lat' dir='ltr'>blare,</span> <span class='ocrx_word' id='word_1_48' title='bbox 922 921 976 983; x_wconf 94' lang='lat' dir='ltr'>llia</span> <span class='ocrx_word' id='word_1_49' title='bbox 1000 922 1157 1002; x_wconf 88' lang='lat' dir='ltr'>complent.</span> 
     </span>
     <span class='ocr_line' id='line_1_9' title="bbox 234 1010 923 1090; baseline 0.003 -20"><span class='ocrx_word' id='word_1_50' title='bbox 234 1010 324 1071; x_wconf 86' lang='lat' dir='ltr'>fibula</span> <span class='ocrx_word' id='word_1_51' title='bbox 346 1011 477 1072; x_wconf 89' lang='lat' dir='ltr'>mordaci</span> <span class='ocrx_word' id='word_1_52' title='bbox 501 1012 619 1090; x_wconf 84' lang='lat' dir='ltr'>refugas</span> <span class='ocrx_word' id='word_1_53' title='bbox 642 1030 659 1072; x_wconf 90' lang='lat' dir='ltr'>a</span> <span class='ocrx_word' id='word_1_54' title='bbox 681 1018 802 1090; x_wconf 85' lang='lat' dir='ltr'>pectore</span> <span class='ocrx_word' id='word_1_55' title='bbox 825 1019 923 1073; x_wconf 86' lang='lat' dir='ltr'>vestes</span> 
     </span>
     <span class='ocr_line' id='line_1_10' title="bbox 236 1099 1193 1181; baseline 0 -21"><span class='ocrx_word' id='word_1_56' title='bbox 236 1099 324 1160; x_wconf 87' lang='lat' dir='ltr'>deute</span> <span class='ocrx_word' id='word_1_57' title='bbox 343 1102 429 1180; x_wconf 87' lang='lat' dir='ltr'>capit.</span> <span class='ocrx_word' id='word_1_58' title='bbox 470 1103 560 1161; x_wconf 90' lang='lat' dir='ltr'>micat</span> <span class='ocrx_word' id='word_1_59' title='bbox 577 1101 661 1160; x_wconf 90' lang='lat' dir='ltr'>hasta</span> <span class='ocrx_word' id='word_1_60' title='bbox 674 1101 784 1181; x_wconf 83' lang='lat' dir='ltr'>minax,</span> <span class='ocrx_word' id='word_1_61' title='bbox 803 1118 989 1180; x_wconf 89' lang='lat' dir='ltr'>quercusque</span> <span class='ocrx_word' id='word_1_62' title='bbox 1004 1099 1155 1179; x_wconf 88' lang='lat' dir='ltr'>trophaeis</span> <span class='ocrx_word' id='word_1_63' title='bbox 1189 1161 1193 1168; x_wconf 79' lang='grc'>,</span> 
     </span>
     <span class='ocr_line' id='line_1_11' title="bbox 234 1188 1067 1268; baseline 0.001 -20"><span class='ocrx_word' id='word_1_64' title='bbox 234 1206 321 1250; x_wconf 88' lang='lat' dir='ltr'>curva</span> <span class='ocrx_word' id='word_1_65' title='bbox 344 1190 446 1249; x_wconf 91' lang='lat' dir='ltr'>tremit</span> <span class='ocrx_word' id='word_1_66' title='bbox 468 1189 635 1268; x_wconf 89' lang='lat' dir='ltr'>placitoque</span> <span class='ocrx_word' id='word_1_67' title='bbox 659 1189 743 1250; x_wconf 91' lang='lat' dir='ltr'>deam</span> <span class='ocrx_word' id='word_1_68' title='bbox 768 1188 822 1250; x_wconf 90' lang='lat' dir='ltr'>sub</span> <span class='ocrx_word' id='word_1_69' title='bbox 846 1189 925 1250; x_wconf 83' lang='lat' dir='ltr'>fasce</span> <span class='ocrx_word' id='word_1_70' title='bbox 949 1189 1067 1268; x_wconf 83' lang='lat' dir='ltr'>fatigat..</span> 
     </span>
    </p>

    <p class='ocr_par' dir='ltr' id='par_1_4' title="bbox 162 1276 1066 1713">
     <span class='ocr_line' id='line_1_12' title="bbox 162 1276 1007 1359; baseline 0 -22"><span class='ocrx_word' id='word_1_71' title='bbox 162 1288 215 1340; x_wconf 81' lang='lat'>400</span> <span class='ocrx_word' id='word_1_72' title='bbox 232 1286 376 1357; x_wconf 89' lang='lat' dir='ltr'>perpetuo</span> <span class='ocrx_word' id='word_1_73' title='bbox 401 1284 459 1339; x_wconf 91' lang='lat' dir='ltr'>stat</span> <span class='ocrx_word' id='word_1_74' title='bbox 481 1277 580 1357; x_wconf 92' lang='lat' dir='ltr'>planta</span> <span class='ocrx_word' id='word_1_75' title='bbox 603 1276 681 1359; x_wconf 92' lang='lat' dir='ltr'>solo,</span> <span class='ocrx_word' id='word_1_76' title='bbox 705 1278 757 1339; x_wconf 89' lang='lat' dir='ltr'>sed</span> <span class='ocrx_word' id='word_1_77' title='bbox 781 1278 872 1338; x_wconf 83' lang='lat' dir='ltr'>fascia</span> <span class='ocrx_word' id='word_1_78' title='bbox 893 1280 1007 1358; x_wconf 91' lang='lat' dir='ltr'>primos</span> 
     </span>
     <span class='ocr_line' id='line_1_13' title="bbox 235 1366 1010 1448; baseline -0.001 -21"><span class='ocrx_word' id='word_1_79' title='bbox 235 1369 351 1427; x_wconf 89' lang='lat' dir='ltr'>sistitur</span> <span class='ocrx_word' id='word_1_80' title='bbox 374 1366 408 1427; x_wconf 94' lang='lat' dir='ltr'>ad</span> <span class='ocrx_word' id='word_1_81' title='bbox 433 1367 555 1448; x_wconf 79' lang='lat' dir='ltr'>digitos,</span> <span class='ocrx_word' id='word_1_82' title='bbox 578 1366 741 1427; x_wconf 89' lang='lat' dir='ltr'>retinacula</span> <span class='ocrx_word' id='word_1_83' title='bbox 762 1366 833 1427; x_wconf 91' lang='lat' dir='ltr'>bina</span> <span class='ocrx_word' id='word_1_84' title='bbox 856 1367 1010 1428; x_wconf 89' lang='lat' dir='ltr'>cothurnis</span> 
     </span>
     <span class='ocr_line' id='line_1_14' title="bbox 232 1455 999 1536; baseline 0.001 -21"><span class='ocrx_word' id='word_1_85' title='bbox 232 1456 324 1516; x_wconf 91' lang='lat' dir='ltr'>mittit</span> <span class='ocrx_word' id='word_1_86' title='bbox 346 1457 378 1515; x_wconf 91' lang='lat' dir='ltr'>iu</span> <span class='ocrx_word' id='word_1_87' title='bbox 401 1455 558 1516; x_wconf 90' lang='lat' dir='ltr'>adversum</span> <span class='ocrx_word' id='word_1_88' title='bbox 580 1457 678 1516; x_wconf 89' lang='lat' dir='ltr'>vincto</span> <span class='ocrx_word' id='word_1_89' title='bbox 702 1455 738 1516; x_wconf 93' lang='lat' dir='ltr'>de</span> <span class='ocrx_word' id='word_1_90' title='bbox 762 1456 864 1517; x_wconf 80' lang='lat' dir='ltr'>fomite</span> <span class='ocrx_word' id='word_1_91' title='bbox 886 1455 999 1536; x_wconf 82' lang='lat' dir='ltr'>pollex,</span> 
     </span>
     <span class='ocr_line' id='line_1_15' title="bbox 233 1543 1066 1624; baseline -0.001 -19"><span class='ocrx_word' id='word_1_92' title='bbox 233 1562 307 1623; x_wconf 91' lang='lat' dir='ltr'>quae</span> <span class='ocrx_word' id='word_1_93' title='bbox 332 1546 479 1623; x_wconf 90' lang='lat' dir='ltr'>stringant</span> <span class='ocrx_word' id='word_1_94' title='bbox 502 1544 638 1624; x_wconf 88' lang='lat' dir='ltr'>crepidas</span> <span class='ocrx_word' id='word_1_95' title='bbox 662 1551 692 1604; x_wconf 94' lang='lat' dir='ltr'>et</span> <span class='ocrx_word' id='word_1_96' title='bbox 715 1543 962 1606; x_wconf 87' lang='lat' dir='ltr'>concurrentibus</span> <span class='ocrx_word' id='word_1_97' title='bbox 986 1546 1066 1604; x_wconf 91' lang='lat' dir='ltr'>ausis</span> 
     </span>
     <span class='ocr_line' id='line_1_16' title="bbox 234 1632 993 1713; baseline 0 -20"><span class='ocrx_word' id='word_1_98' title='bbox 234 1632 398 1695; x_wconf 80' lang='lat' dir='ltr'>vinclorum</span> <span class='ocrx_word' id='word_1_99' title='bbox 421 1633 532 1713; x_wconf 90' lang='lat' dir='ltr'>pandas</span> <span class='ocrx_word' id='word_1_100' title='bbox 555 1639 657 1694; x_wconf 88' lang='lat' dir='ltr'>texant</span> <span class='ocrx_word' id='word_1_101' title='bbox 678 1650 733 1712; x_wconf 91' lang='lat' dir='ltr'>per</span> <span class='ocrx_word' id='word_1_102' title='bbox 756 1652 843 1694; x_wconf 90' lang='lat' dir='ltr'>crura</span> <span class='ocrx_word' id='word_1_103' title='bbox 867 1640 993 1694; x_wconf 89' lang='lat' dir='ltr'>catenas.</span> 
     </span>
    </p>

    <p class='ocr_par' dir='ltr' id='par_1_5' title="bbox 165 1721 1110 1891">
     <span class='ocr_line' id='line_1_17' title="bbox 165 1721 1110 1803; baseline 0.001 -22"><span class='ocrx_word' id='word_1_104' title='bbox 165 1733 218 1782; x_wconf 75' lang='lat'>405</span> <span class='ocrx_word' id='word_1_105' title='bbox 237 1740 321 1803; x_wconf 89' lang='lat' dir='ltr'>ergo,</span> <span class='ocrx_word' id='word_1_106' title='bbox 345 1725 422 1783; x_wconf 90' lang='lat' dir='ltr'>siout</span> <span class='ocrx_word' id='word_1_107' title='bbox 445 1733 522 1802; x_wconf 88' lang='lat' dir='ltr'>erat,</span> <span class='ocrx_word' id='word_1_108' title='bbox 544 1721 687 1800; x_wconf 90' lang='lat' dir='ltr'>liquidam</span> <span class='ocrx_word' id='word_1_109' title='bbox 710 1729 877 1783; x_wconf 88' lang='lat' dir='ltr'>transvecta</span> <span class='ocrx_word' id='word_1_110' title='bbox 899 1740 954 1801; x_wconf 90' lang='lat' dir='ltr'>per</span> <span class='ocrx_word' id='word_1_111' title='bbox 978 1722 1110 1782; x_wconf 89' lang='lat' dir='ltr'>aethram</span> 
     </span>
     <span class='ocr_line' id='line_1_18' title="bbox 233 1809 945 1891; baseline 0 -20"><span class='ocrx_word' id='word_1_112' title='bbox 233 1813 383 1872; x_wconf 90' lang='lat' dir='ltr'>nascentis</span> <span class='ocrx_word' id='word_1_113' title='bbox 405 1814 492 1891; x_wconf 90' lang='lat' dir='ltr'>petiit</span> <span class='ocrx_word' id='word_1_114' title='bbox 513 1812 630 1890; x_wconf 93' lang='lat' dir='ltr'>tepidos</span> <span class='ocrx_word' id='word_1_115' title='bbox 652 1809 831 1890; x_wconf 82' lang='lat' dir='ltr'>Hyperionis</span> <span class='ocrx_word' id='word_1_116' title='bbox 855 1817 945 1871; x_wconf 92' lang='lat' dir='ltr'>ortus.</span> 
     </span>
    </p>

    <p class='ocr_par' dir='ltr' id='par_1_6' title="bbox 232 1897 1092 2157">
     <span class='ocr_line' id='line_1_19' title="bbox 276 1897 1092 1980; baseline 0.001 -22"><span class='ocrx_word' id='word_1_117' title='bbox 276 1899 330 1959; x_wconf 84' lang='lat' dir='ltr'>Est</span> <span class='ocrx_word' id='word_1_118' title='bbox 352 1899 435 1961; x_wconf 88' lang='lat' dir='ltr'>locus</span> <span class='ocrx_word' id='word_1_119' title='bbox 458 1899 581 1980; x_wconf 87' lang='lat' dir='ltr'>Oceani,</span> <span class='ocrx_word' id='word_1_120' title='bbox 604 1899 773 1978; x_wconf 83' lang='lat' dir='ltr'>longinquis</span> <span class='ocrx_word' id='word_1_121' title='bbox 796 1902 950 1979; x_wconf 90' lang='lat' dir='ltr'>proximus</span> <span class='ocrx_word' id='word_1_122' title='bbox 972 1897 1068 1979; x_wconf 91' lang='lat' dir='ltr'>ludis,</span> <span class='ocrx_word' id='word_1_123' title='bbox 1091 1945 1092 1948; x_wconf 63' lang='lat'>,</span> 
     </span>
     <span class='ocr_line' id='line_1_20' title="bbox 232 1987 996 2068; baseline 0 -20"><span class='ocrx_word' id='word_1_124' title='bbox 232 2006 285 2048; x_wconf 91' lang='lat' dir='ltr'>axe</span> <span class='ocrx_word' id='word_1_125' title='bbox 310 1987 364 2048; x_wconf 89' lang='lat' dir='ltr'>sub</span> <span class='ocrx_word' id='word_1_126' title='bbox 387 1987 462 2068; x_wconf 86' lang='lat' dir='ltr'>Eoo,</span> <span class='ocrx_word' id='word_1_127' title='bbox 485 1988 666 2050; x_wconf 83' lang='lat' dir='ltr'>Nabataeum</span> <span class='ocrx_word' id='word_1_128' title='bbox 689 1995 792 2049; x_wconf 88' lang='lat' dir='ltr'>tensus</span> <span class='ocrx_word' id='word_1_129' title='bbox 815 1991 847 2048; x_wconf 91' lang='lat' dir='ltr'>iu</span> <span class='ocrx_word' id='word_1_130' title='bbox 869 1987 996 2049; x_wconf 88' lang='lat' dir='ltr'>Eurum:</span> 
     </span>
     <span class='ocr_line' id='line_1_21' title="bbox 232 2075 1008 2157; baseline 0.004 -22"><span class='ocrx_word' id='word_1_131' title='bbox 232 2095 284 2136; x_wconf 89' lang='lat' dir='ltr'>ver</span> <span class='ocrx_word' id='word_1_132' title='bbox 307 2075 350 2136; x_wconf 91' lang='lat' dir='ltr'>ibi</span> <span class='ocrx_word' id='word_1_133' title='bbox 373 2079 547 2138; x_wconf 88' lang='lat' dir='ltr'>continuum</span> <span class='ocrx_word' id='word_1_134' title='bbox 570 2084 629 2157; x_wconf 88' lang='lat' dir='ltr'>est,</span> <span class='ocrx_word' id='word_1_135' title='bbox 651 2075 838 2156; x_wconf 88' lang='lat' dir='ltr'>interpellata</span> <span class='ocrx_word' id='word_1_136' title='bbox 861 2096 917 2138; x_wconf 88' lang='lat' dir='ltr'>uec</span> <span class='ocrx_word' id='word_1_137' title='bbox 940 2077 1008 2138; x_wconf 88' lang='lat' dir='ltr'>ullis</span> 
     </span>
    </p>

    <p class='ocr_par' dir='ltr' id='par_1_7' title="bbox 161 2164 1118 2603">
     <span class='ocr_line' id='line_1_22' title="bbox 161 2164 1014 2247; baseline 0.001 -22"><span class='ocrx_word' id='word_1_138' title='bbox 161 2176 213 2225; x_wconf 86' lang='lat'>410</span> <span class='ocrx_word' id='word_1_139' title='bbox 232 2164 393 2244; x_wconf 84' lang='lat' dir='ltr'>frigoribus</span> <span class='ocrx_word' id='word_1_140' title='bbox 415 2165 550 2244; x_wconf 90' lang='lat' dir='ltr'>pallescit</span> <span class='ocrx_word' id='word_1_141' title='bbox 572 2164 694 2247; x_wconf 93' lang='lat' dir='ltr'>humus,</span> <span class='ocrx_word' id='word_1_142' title='bbox 717 2166 769 2227; x_wconf 91' lang='lat' dir='ltr'>sed</span> <span class='ocrx_word' id='word_1_143' title='bbox 792 2167 865 2227; x_wconf 88' lang='lat' dir='ltr'>ssore</span> <span class='ocrx_word' id='word_1_144' title='bbox 887 2169 1014 2245; x_wconf 88' lang='lat' dir='ltr'>pereuni</span> 
     </span>
     <span class='ocr_line' id='line_1_23' title="bbox 232 2256 911 2336; baseline 0.004 -23"><span class='ocrx_word' id='word_1_145' title='bbox 232 2256 311 2333; x_wconf 89' lang='lat' dir='ltr'>picta</span> <span class='ocrx_word' id='word_1_146' title='bbox 333 2256 507 2333; x_wconf 88' lang='lat' dir='ltr'>peregrinos</span> <span class='ocrx_word' id='word_1_147' title='bbox 531 2256 668 2332; x_wconf 89' lang='lat' dir='ltr'>ignorant</span> <span class='ocrx_word' id='word_1_148' title='bbox 690 2273 758 2315; x_wconf 88' lang='lat' dir='ltr'>arva</span> <span class='ocrx_word' id='word_1_149' title='bbox 781 2258 911 2336; x_wconf 81' lang='lat' dir='ltr'>rigores3</span> 
     </span>
     <span class='ocr_line' id='line_1_24' title="bbox 232 2342 999 2423; baseline 0.003 -20"><span class='ocrx_word' id='word_1_150' title='bbox 232 2342 332 2403; x_wconf 91' lang='lat' dir='ltr'>halant</span> <span class='ocrx_word' id='word_1_151' title='bbox 354 2361 424 2403; x_wconf 89' lang='lat' dir='ltr'>rura</span> <span class='ocrx_word' id='word_1_152' title='bbox 447 2343 538 2421; x_wconf 77' lang='lat' dir='ltr'>cosle,</span> <span class='ocrx_word' id='word_1_153' title='bbox 561 2342 812 2422; x_wconf 85' lang='lat' dir='ltr'>indiscriptosque</span> <span class='ocrx_word' id='word_1_154' title='bbox 834 2363 890 2423; x_wconf 92' lang='lat' dir='ltr'>per</span> <span class='ocrx_word' id='word_1_155' title='bbox 914 2363 999 2423; x_wconf 91' lang='lat' dir='ltr'>agros</span> 
     </span>
     <span class='ocr_line' id='line_1_25' title="bbox 232 2430 1118 2514; baseline 0.002 -22"><span class='ocrx_word' id='word_1_156' title='bbox 232 2432 342 2510; x_wconf 83' lang='lat' dir='ltr'>fragrat</span> <span class='ocrx_word' id='word_1_157' title='bbox 365 2431 453 2512; x_wconf 83' lang='lat' dir='ltr'>odor3</span> <span class='ocrx_word' id='word_1_158' title='bbox 476 2430 596 2510; x_wconf 89' lang='lat' dir='ltr'>violam,</span> <span class='ocrx_word' id='word_1_159' title='bbox 619 2433 758 2513; x_wconf 83' lang='lat' dir='ltr'>cytisum,</span> <span class='ocrx_word' id='word_1_160' title='bbox 783 2432 922 2514; x_wconf 79' lang='lat' dir='ltr'>serpylla,</span> <span class='ocrx_word' id='word_1_161' title='bbox 945 2433 1118 2514; x_wconf 87' lang='lat' dir='ltr'>ligustrum,</span> 
     </span>
     <span class='ocr_line' id='line_1_26' title="bbox 231 2519 946 2603; baseline 0.001 -22"><span class='ocrx_word' id='word_1_162' title='bbox 231 2520 306 2601; x_wconf 89' lang='lat' dir='ltr'>lilia,</span> <span class='ocrx_word' id='word_1_163' title='bbox 328 2522 491 2601; x_wconf 85' lang='lat' dir='ltr'>narcissos,</span> <span class='ocrx_word' id='word_1_164' title='bbox 514 2521 636 2601; x_wconf 89' lang='lat' dir='ltr'>casiam,</span> <span class='ocrx_word' id='word_1_165' title='bbox 660 2519 819 2603; x_wconf 88' lang='lat' dir='ltr'>colocasia,</span> <span class='ocrx_word' id='word_1_166' title='bbox 842 2521 946 2602; x_wconf 81' lang='lat' dir='ltr'>saltas,</span> 
     </span>
    </p>

    <p class='ocr_par' dir='ltr' id='par_1_8' title="bbox 161 2608 1102 3045">
     <span class='ocr_line' id='line_1_27' title="bbox 161 2608 1102 2691; baseline 0.001 -21"><span class='ocrx_word' id='word_1_167' title='bbox 161 2620 213 2670; x_wconf 75' lang='lat'>415</span> <span class='ocrx_word' id='word_1_168' title='bbox 232 2616 363 2690; x_wconf 91' lang='lat' dir='ltr'>costum,</span> <span class='ocrx_word' id='word_1_169' title='bbox 387 2608 616 2689; x_wconf 89' lang='lat' dir='ltr'>malobathrum,</span> <span class='ocrx_word' id='word_1_170' title='bbox 640 2609 789 2689; x_wconf 83' lang='lat' dir='ltr'>myrrhas,</span> <span class='ocrx_word' id='word_1_171' title='bbox 812 2609 1012 2691; x_wconf 91' lang='lat' dir='ltr'>opobalsama,</span> <span class='ocrx_word' id='word_1_172' title='bbox 1035 2619 1102 2672; x_wconf 89' lang='lat' dir='ltr'>tura</span> 
     </span>
     <span class='ocr_line' id='line_1_28' title="bbox 230 2697 995 2779; baseline 0 -21"><span class='ocrx_word' id='word_1_173' title='bbox 230 2700 401 2778; x_wconf 89' lang='lat' dir='ltr'>parturiunt</span> <span class='ocrx_word' id='word_1_174' title='bbox 423 2699 533 2779; x_wconf 73' lang='lat' dir='ltr'>campi,</span> <span class='ocrx_word' id='word_1_175' title='bbox 556 2715 612 2758; x_wconf 89' lang='lat' dir='ltr'>neo</span> <span class='ocrx_word' id='word_1_176' title='bbox 635 2715 695 2757; x_wconf 92' lang='lat' dir='ltr'>uon</span> <span class='ocrx_word' id='word_1_177' title='bbox 717 2697 853 2776; x_wconf 85' lang='lat' dir='ltr'>pulsante</span> <span class='ocrx_word' id='word_1_178' title='bbox 877 2705 995 2760; x_wconf 87' lang='lat' dir='ltr'>senecta</span> 
     </span>
     <span class='ocr_line' id='line_1_29' title="bbox 231 2786 1011 2866; baseline 0.001 -19"><span class='ocrx_word' id='word_1_179' title='bbox 231 2788 301 2848; x_wconf 87' lang='lat' dir='ltr'>hinc</span> <span class='ocrx_word' id='word_1_180' title='bbox 324 2787 453 2848; x_wconf 88' lang='lat' dir='ltr'>rediviva</span> <span class='ocrx_word' id='word_1_181' title='bbox 476 2789 551 2866; x_wconf 92' lang='lat' dir='ltr'>petit</span> <span class='ocrx_word' id='word_1_182' title='bbox 573 2788 688 2847; x_wconf 81' lang='lat' dir='ltr'>ricinus</span> <span class='ocrx_word' id='word_1_183' title='bbox 713 2788 848 2846; x_wconf 90' lang='lat' dir='ltr'>cinnama</span> <span class='ocrx_word' id='word_1_184' title='bbox 871 2786 1011 2848; x_wconf 86' lang='lat' dir='ltr'>Phoenix.</span> 
     </span>
     <span class='ocr_line' id='line_1_30' title="bbox 230 2874 991 2939; baseline 0 -3"><span class='ocrx_word' id='word_1_185' title='bbox 230 2876 279 2936; x_wconf 91' lang='lat' dir='ltr'>hio</span> <span class='ocrx_word' id='word_1_186' title='bbox 303 2875 408 2937; x_wconf 91' lang='lat' dir='ltr'>domus</span> <span class='ocrx_word' id='word_1_187' title='bbox 431 2876 561 2937; x_wconf 82' lang='lat' dir='ltr'>Aurorae</span> <span class='ocrx_word' id='word_1_188' title='bbox 585 2874 674 2939; x_wconf 89' lang='lat' dir='ltr'>rutilo</span> <span class='ocrx_word' id='word_1_189' title='bbox 699 2883 849 2936; x_wconf 89' lang='lat' dir='ltr'>crustante</span> <span class='ocrx_word' id='word_1_190' title='bbox 873 2874 991 2936; x_wconf 92' lang='lat' dir='ltr'>metallo</span> 
     </span>
     <span class='ocr_line' id='line_1_31' title="bbox 232 2963 912 3045; baseline 0 -20"><span class='ocrx_word' id='word_1_191' title='bbox 232 2964 372 3025; x_wconf 90' lang='lat' dir='ltr'>bacarum</span> <span class='ocrx_word' id='word_1_192' title='bbox 394 2965 525 3045; x_wconf 83' lang='lat' dir='ltr'>praefert</span> <span class='ocrx_word' id='word_1_193' title='bbox 546 2963 626 3025; x_wconf 87' lang='lat' dir='ltr'>leves</span> <span class='ocrx_word' id='word_1_194' title='bbox 650 2971 766 3044; x_wconf 88' lang='lat' dir='ltr'>asprata</span> <span class='ocrx_word' id='word_1_195' title='bbox 790 2964 912 3043; x_wconf 88' lang='lat' dir='ltr'>lapiIlos.</span> 
     </span>
    </p>

    <p class='ocr_par' dir='ltr' id='par_1_9' title="bbox 161 3052 1124 3224">
     <span class='ocr_line' id='line_1_32' title="bbox 161 3052 1004 3132; baseline 0 -18"><span class='ocrx_word' id='word_1_196' title='bbox 161 3065 214 3116; x_wconf 79' lang='lat'>420</span> <span class='ocrx_word' id='word_1_197' title='bbox 233 3053 378 3132; x_wconf 89' lang='lat' dir='ltr'>diripiunt</span> <span class='ocrx_word' id='word_1_198' title='bbox 402 3053 518 3114; x_wconf 87' lang='lat' dir='ltr'>diversa</span> <span class='ocrx_word' id='word_1_199' title='bbox 541 3052 642 3114; x_wconf 89' lang='lat' dir='ltr'>oculos</span> <span class='ocrx_word' id='word_1_200' title='bbox 665 3060 695 3114; x_wconf 92' lang='lat' dir='ltr'>et</span> <span class='ocrx_word' id='word_1_201' title='bbox 718 3053 754 3114; x_wconf 92' lang='lat' dir='ltr'>ab</span> <span class='ocrx_word' id='word_1_202' title='bbox 778 3061 840 3114; x_wconf 91' lang='lat' dir='ltr'>arte</span> <span class='ocrx_word' id='word_1_203' title='bbox 863 3055 1004 3132; x_wconf 90' lang='lat' dir='ltr'>magistra</span> 
     </span>
     <span class='ocr_line' id='line_1_33' title="bbox 232 3141 1124 3224; baseline 0.001 -21"><span class='ocrx_word' id='word_1_204' title='bbox 232 3143 289 3203; x_wconf 91' lang='lat' dir='ltr'>hoc</span> <span class='ocrx_word' id='word_1_205' title='bbox 312 3144 416 3223; x_wconf 90' lang='lat' dir='ltr'>vincit,</span> <span class='ocrx_word' id='word_1_206' title='bbox 439 3142 646 3223; x_wconf 89' lang='lat' dir='ltr'>quodcumque</span> <span class='ocrx_word' id='word_1_207' title='bbox 669 3141 765 3224; x_wconf 82' lang='lat' dir='ltr'>vides3</span> <span class='ocrx_word' id='word_1_208' title='bbox 789 3143 841 3202; x_wconf 89' lang='lat' dir='ltr'>sed</span> <span class='ocrx_word' id='word_1_209' title='bbox 865 3143 1004 3204; x_wconf 89' lang='lat' dir='ltr'>conditur</span> <span class='ocrx_word' id='word_1_210' title='bbox 1027 3145 1124 3205; x_wconf 92' lang='lat' dir='ltr'>omnis</span> 
     </span>
    </p>
   </div>
   <div class='ocr_carea' id='block_1_3' title="bbox 231 3231 1039 3311">
    <p class='ocr_par' dir='ltr' id='par_1_10' title="bbox 231 3231 1039 3311">
     <span class='ocr_line' id='line_1_34' title="bbox 231 3231 1039 3311; baseline 0 -18"><span class='ocrx_word' id='word_1_211' title='bbox 231 3231 285 3293; x_wconf 85' lang='lat' dir='ltr'>sub</span> <span class='ocrx_word' id='word_1_212' title='bbox 309 3231 427 3292; x_wconf 91' lang='lat' dir='ltr'>domina</span> <span class='ocrx_word' id='word_1_213' title='bbox 448 3237 606 3310; x_wconf 89' lang='lat' dir='ltr'>praesente</span> <span class='ocrx_word' id='word_1_214' title='bbox 629 3231 733 3311; x_wconf 92' lang='lat' dir='ltr'>decor,</span> <span class='ocrx_word' id='word_1_215' title='bbox 756 3233 907 3311; x_wconf 88' lang='lat' dir='ltr'>nimioque</span> <span class='ocrx_word' id='word_1_216' title='bbox 929 3231 1039 3293; x_wconf 88' lang='lat' dir='ltr'>rubore</span> 
     </span>
    </p>
   </div>
   <div class='ocr_carea' id='block_1_4' title="bbox 142 3454 1156 3672">
    <p class='ocr_par' dir='ltr' id='par_1_11' title="bbox 142 3454 1156 3672">
     <span class='ocr_line' id='line_1_35' title="bbox 213 3454 1154 3526; baseline 0.002 -14"><span class='ocrx_word' id='word_1_217' title='bbox 213 3461 264 3512; x_wconf 76' lang='lat'>³99</span> <span class='ocrx_word' id='word_1_218' title='bbox 281 3454 444 3526; x_wconf 80' lang='lat' dir='ltr'>placitoque</span> <span class='ocrx_word' id='word_1_219' title='bbox 460 3455 667 3524; x_wconf 77' lang='lat' dir='ltr'>Drakenborch,</span> <span class='ocrx_word' id='word_1_220' title='bbox 684 3454 854 3524; x_wconf 78' lang='lat' dir='ltr'>placidoque</span> <span class='ocrx_word' id='word_1_221' title='bbox 872 3457 948 3514; x_wconf 83' lang='lat' dir='ltr'>codd.</span> <span class='ocrx_word' id='word_1_222' title='bbox 963 3460 1038 3526; x_wconf 66' lang='lat'>[1402</span> <span class='ocrx_word' id='word_1_223' title='bbox 1057 3457 1154 3514; x_wconf 86' lang='lat' dir='ltr'>iuncto</span> 
     </span>
     <span class='ocr_line' id='line_1_36' title="bbox 146 3526 1156 3599; baseline 0.003 -17"><span class='ocrx_word' id='word_1_224' title='bbox 146 3526 202 3582; x_wconf 82' lang='lat' dir='ltr'>OF</span> <span class='ocrx_word' id='word_1_225' title='bbox 220 3530 230 3598; x_wconf 73' lang='lat' dir='ltr'>q</span> <span class='ocrx_word' id='word_1_226' title='bbox 250 3532 301 3582; x_wconf 78' lang='lat'>412</span> <span class='ocrx_word' id='word_1_227' title='bbox 320 3526 557 3596; x_wconf 84' lang='lat' dir='ltr'>indiscriptosque</span> <span class='ocrx_word' id='word_1_228' title='bbox 576 3543 623 3594; x_wconf 78' lang='lat' dir='ltr'>ego</span> <span class='ocrx_word' id='word_1_229' title='bbox 643 3529 718 3596; x_wconf 77' lang='lat' dir='ltr'>(item</span> <span class='ocrx_word' id='word_1_230' title='bbox 736 3527 937 3597; x_wconf 71' lang='lat' dir='ltr'>Iacetjohomt),</span> <span class='ocrx_word' id='word_1_231' title='bbox 954 3528 1156 3599; x_wconf 84' lang='lat' dir='ltr'>indescriptos-</span> 
     </span>
     <span class='ocr_line' id='line_1_37' title="bbox 142 3597 1064 3672; baseline 0.005 -20"><span class='ocrx_word' id='word_1_232' title='bbox 142 3615 195 3668; x_wconf 84' lang='lat' dir='ltr'>que</span> <span class='ocrx_word' id='word_1_233' title='bbox 214 3601 290 3656; x_wconf 83' lang='lat' dir='ltr'>codd.</span> <span class='ocrx_word' id='word_1_234' title='bbox 305 3602 380 3670; x_wconf 65' lang='lat'>{1413</span> <span class='ocrx_word' id='word_1_235' title='bbox 398 3597 508 3669; x_wconf 80' lang='lat' dir='ltr'>fragret</span> <span class='ocrx_word' id='word_1_236' title='bbox 526 3597 563 3668; x_wconf 83' lang='lat' dir='ltr'>F,</span> <span class='ocrx_word' id='word_1_237' title='bbox 581 3597 685 3668; x_wconf 81' lang='lat' dir='ltr'>flagret</span> <span class='ocrx_word' id='word_1_238' title='bbox 704 3597 808 3672; x_wconf 74' lang='lat' dir='ltr'>OPTq</span> <span class='ocrx_word' id='word_1_239' title='bbox 822 3605 875 3654; x_wconf 78' lang='lat'>419</span> <span class='ocrx_word' id='word_1_240' title='bbox 893 3599 1001 3669; x_wconf 84' lang='lat' dir='ltr'>profert</span> <span class='ocrx_word' id='word_1_241' title='bbox 1021 3600 1045 3657; x_wconf 75' lang='lat'>(1</span> <span class='ocrx_word' id='word_1_242' title='bbox 1054 3605 1064 3672; x_wconf 78' lang='lat' dir='ltr'>fl</span> 
     </span>
    </p>
   </div>
   <div class='ocr_carea' id='block_1_5' title="bbox 0 0 1310 4056">
    <p class='ocr_par' dir='ltr' id='par_1_12' title="bbox 0 0 1310 4056">
     <span class='ocr_line' id='line_1_38' title="bbox 0 0 1310 4056; baseline 0 1"><span class='ocrx_word' id='word_1_243' title='bbox 0 0 1310 4056; x_wconf 95' lang='lat' dir='ltr'> </span> 
     </span>
    </p>
   </div>
  </div>
 </body>
</html>
