2628 4034
501 209 653 266 CARMEN
671 211 756 266 XXII.
1070 207 1137 273 329

216 367 384 440 portantem
408 360 514 420 frontis
538 377 641 437 campo
664 377 718 438 per
742 375 866 419 concava
890 361 1000 418 montis

179 463 195 510 5
214 467 269 529 par
291 468 384 528 prope
407 449 564 510 transfossi
586 447 778 509 tenebrosum
801 446 922 507 luminis
946 454 1076 530 antrum,

212 535 335 618 hospes,
358 538 420 618 adi,
444 540 470 598 si
494 539 560 616 quis
583 537 715 615 Burgum
738 539 884 597 taciturus
907 536 1003 596 adisti.
1034 543 1039 553 '

213 634 243 688 et
265 626 336 687 licet
358 629 390 687 in
414 645 534 687 carmen
557 645 616 687 non
639 627 750 705 passim
773 625 852 686 laxet
874 623 1003 684 habenas

212 715 348 776 Phoebus
373 722 402 776 et
424 715 474 776 hic
497 717 567 776 totis
591 733 650 776 non
673 714 782 794 pandat.
805 712 926 775 carbasa
950 713 1042 794 fandi,

212 807 339 884 quisque
362 813 461 865 tamen
485 811 583 864 tantos
606 822 667 865 non
685 803 808 865 laudans
832 821 883 863 ore
907 808 1029 882 penates

161 885 351 974 loinspicis,
373 895 546 972 inspiceris:
569 900 689 953 resonat
713 894 776 954 sine
800 911 871 952 voce
894 891 1042 972 voluntas3

212 1000 280 1043 uam
302 989 353 1043 tua
376 990 406 1042 te
429 984 553 1043 tacitum
576 980 667 1042 livere
693 981 810 1042 silentia
833 980 967 1041 clamant.

256 1070 334 1150 Ergo
358 1089 425 1152 age,
447 1070 575 1152 Pierias,
597 1070 703 1151 Erato,
726 1071 801 1130 mihi
823 1077 945 1150 percute
970 1069 1109 1151 chordas3

212 1166 389 1239 responsent
412 1159 522 1241 Satyri,
545 1160 729 1239 digitumque
752 1159 917 1239 pedemque
940 1165 1092 1219 moventes

212 1247 314 1309 ludant
337 1257 367 1310 et
389 1248 515 1309 tremulo
539 1268 600 1308 non
622 1255 763 1327 rumpant
784 1250 898 1309 cantica
921 1247 1006 1308 saltu.

161 1348 193 1398 15
213 1338 354 1416 quicquid
373 1338 448 1398 forte
467 1338 559 1417 Dryas
579 1337 624 1398 vel
644 1337 784 1416 quicquid
798 1336 978 1416 Hamadryas
997 1354 1137 1415 umquam

166 1453 169 1456 “
214 1429 334 1487 conexis
358 1425 478 1487 sibimet
500 1427 608 1486 festum
631 1425 767 1505 plausere
791 1425 933 1508 Napaeis,

215 1516 385 1595 dependant
406 1515 507 1596 modo,
530 1515 641 1596 Berge,
664 1515 735 1595 tihi,
758 1514 804 1574 vel
827 1514 936 1575 Naidas
960 1517 1041 1594 istic,

212 1602 373 1665 Nereidum
397 1605 506 1665 chorus
531 1604 619 1685 alme,
644 1603 730 1684 doce,
754 1622 822 1664 cum
845 1604 921 1663 forte
946 1603 1084 1664 Garunna

212 1693 270 1754 huc
294 1694 437 1754 redeunte
460 1694 544 1753 venis
568 1700 751 1773 pontumque
775 1692 951 1753 influmine
976 1692 1082 1753 sulcas.

160 1794 194 1843 20
213 1782 310 1860 pande
334 1785 426 1861 igitur
449 1801 567 1863 causas,
590 1782 692 1863 Erato,
715 1780 887 1860 laribusque
912 1782 950 1842 sit
973 1780 1027 1841 ede

213 1873 281 1949 quis
304 1874 422 1951 genius3
445 1878 559 1932 tantum
583 1889 643 1932 non
667 1878 713 1932 est
737 1873 801 1932 sine
823 1869 960 1950 praesule
984 1869 1110 1930 culmen.

256 1957 344 2020 Forte
369 1961 547 2038 sagittiferas
570 1959 653 2021 Euan
677 1959 833 2041 populatus
856 1959 997 2038 Erythras

212 2050 270 2109 vite
295 2051 469 2127 capistratas
493 2048 615 2128 cogebat
639 2049 675 2110 ad
694 2049 798 2111 esseda
817 2050 924 2128 tigres;

212 2135 341 2197 intrabat
364 2136 512 2215 duplicem
536 2157 593 2216 qua
615 2147 696 2199 temo
717 2138 875 2199 racemifer
897 2155 1012 2217 arcum,

158 2237 192 2286 25
212 2226 362 2286 marcidus
385 2227 449 2305 ipse
474 2226 557 2287 sedet
580 2246 685 2306 curru3
709 2227 808 2289 madet
831 2226 922 2287 ardua
946 2228 1045 2286 cervix

215 2314 313 2375 sudati
337 2315 373 2374 de
398 2332 465 2374 rore
489 2317 577 2396 meri,
602 2323 690 2396 capnt
712 2335 801 2377 aurea
824 2321 966 2396 rumpunt

213 2421 324 2465 cornua
348 2411 378 2463 et
401 2403 572 2482 indigenam
595 2404 760 2465 iaculantur
784 2405 917 2466 fulminis
940 2407 1041 2483 ignem

213 2485 396 2575 (sumpserat
418 2492 475 2552 hoc
498 2510 623 2554 nascens
646 2495 792 2573 primum,
815 2511 883 2553 cum
906 2495 1026 2553 transiit
1049 2492 1120 2553 olim

213 2582 245 2641 in
267 2583 396 2661 patrium
421 2581 457 2641 de
479 2588 573 2641 matre
597 2576 725 2666 femur);
757 2582 815 2642 fert
836 2589 954 2661 tempus
977 2589 1137 2660 utrumque

160 2683 194 2733 30
213 2672 292 2730 veris
316 2688 387 2749 opes
411 2669 576 2749 rutilosque
599 2671 670 2749 ligat
693 2671 840 2732 vindemia
864 2670 967 2750 flores3

213 2759 371 2820 cantharus
395 2765 425 2819 et
447 2759 567 2838 thyrsus
591 2760 693 2820 dextra
716 2758 856 2838 laevaque
880 2759 1029 2839 feruntur,

212 2866 269 2908 nee
291 2850 366 2926 tegit
388 2854 519 2928 exertoS,
543 2849 594 2909 sed
619 2851 712 2930 tangit
735 2848 810 2928 palla
833 2847 973 2927 lacertos3

214 2935 300 2996 dulce
324 2943 426 2997 natant
449 2937 540 3018 oculi,
564 2957 638 3018 quos
663 2941 688 2998 si
712 2938 773 2997 fors
796 2943 891 2997 vertat
913 2937 945 2996 in
967 2935 1099 3017 hostem,

214 3026 354 3086 attonitos
361 3073 370 3105 ,
394 3025 489 3086 solum
513 3026 583 3087 dum
607 3029 712 3106 cernit,
738 3024 866 3086 inebriat
887 3024 984 3085 lndos.

161 3127 195 3176 55
214 3121 277 3175 tum
302 3113 426 3174 salebris
451 3113 561 3177 saliens
585 3117 722 3195 quotiens
746 3132 778 3176 se
802 3115 934 3174 concutit
957 3115 1033 3194 axis,

212 3205 323 3284 passim
348 3203 473 3263 deciduo
497 3204 686 3282 perfunditur
709 3202 805 3263 orbita
828 3211 934 3263 musto.

214 3292 400 3373 Bassaridas,
424 3291 557 3374 Satyros,
580 3293 674 3353 Panas
697 3292 873 3371 Faunosque
897 3289 1022 3351 docebat

127 3515 190 3568 pem
207 3500 289 3570 culpo
303 3500 313 3568 ΙΙ
327 3504 343 3554 8
362 3499 439 3552 totus
456 3498 516 3552 PF
525 3500 534 3567 ΙΙ
549 3504 583 3552 10
601 3499 683 3570 voce]
702 3498 756 3553 fine
771 3499 799 3552 P
810 3501 820 3569 ΙΙ
834 3502 867 3552 28
886 3497 1007 3567 primum
1021 3511 1141 3550 nascens

128 3571 174 3638 Py
189 3575 222 3623 29
242 3569 383 3638 utrimque
402 3570 430 3623 P
441 3571 450 3640 l}
464 3576 498 3624 83
517 3569 604 3625 vertit
622 3570 679 3624 PT
691 3572 700 3640 ΙΙ
715 3577 747 3626 35
768 3570 893 3623 salebras
912 3569 975 3623 PF
984 3572 993 3640 ΙΙ
