2636 4032
539 209 648 263 LIBER
666 208 842 275 QUARTUS.
868 235 871 238 ·

669 406 710 472 Π.

330 530 561 585 CLAUDIANUS
581 529 726 585 SIDONIO
745 530 863 586 PAPAE
882 533 1062 591 SALUTEM.

256 641 283 707 1.
308 645 340 706 Si
362 645 506 726 possibile
525 645 604 706 lactu
623 651 712 726 esset,
735 652 768 706 ut
786 653 826 727 te,
849 646 1003 707 dominum
1021 665 1134 730 mcum,
1156 651 1209 710 vel

187 735 365 814 aliquotiens
392 733 606 814 aliquantulum
634 736 835 815 convenirem,
863 752 923 795 non
945 736 1107 798 undeunde
1132 757 1209 817 qua-

187 826 336 906 rumpiam
361 841 557 904 personarum
585 830 635 883 aut
662 822 827 885 voluntates
855 831 906 885 aut
931 828 1129 886 necessitates
1153 845 1210 888 an-

160 915 349 995 squirerem,
373 932 447 993 quae
471 915 502 973 in
524 930 589 973 rem
612 911 706 972 debiti
726 914 785 972 mei
803 915 872 973 usui
890 913 964 973 mibi
983 932 1051 975 esse
1070 925 1209 994 possent.

189 1005 299 1082 quippe
322 1004 480 1063 revisionis
503 1008 635 1081 potestas
653 1001 756 1062 multis
774 1001 871 1063 modis
890 1009 920 1063 et
938 1005 1058 1064 miseris
1076 1005 1209 1083 perinde

190 1094 287 1154 causis
311 1090 529 1168 intercluditur.
567 1091 717 1150 enimvero
742 1089 893 1152 scribendi
916 1091 1041 1153 facultas
1064 1100 1117 1154 aut
1134 1111 1208 1154 raro

188 1181 295 1242 idonea
323 1182 456 1260 suppetit
485 1187 535 1240 aut
562 1197 617 1240 nec
641 1181 779 1258 suppetit.
825 1181 918 1240 istaec
941 1181 1045 1241 eadem
1069 1185 1209 1243 remissi-

189 1267 261 1331 bilia
289 1271 350 1330 sint
376 1287 485 1350 necne,
512 1276 574 1329 tute
602 1267 787 1328 indicaveris.
834 1266 864 1329 2.
886 1286 976 1348 porro
999 1277 1101 1331 autem
1124 1290 1209 1352 vero,

62 1379 65 1386 ·
150 1381 176 1420 ro
191 1358 269 1438 quod
298 1375 512 1439 saepenumero
541 1359 661 1436 scriptis
688 1359 795 1417 vestris
823 1357 873 1418 alii
900 1360 1119 1440 inpediuntur,
1153 1364 1208 1439 qui

190 1447 220 1508 id
244 1450 343 1527 ipsum
364 1464 421 1508 nec
443 1446 577 1507 ambiunt
600 1464 688 1524 quam
712 1453 828 1525 egomet
851 1447 951 1508 lorsan
973 1466 1029 1508 nec
1048 1457 1209 1510 merentur

189 1535 330 1617 amplius,
357 1554 417 1597 non
445 1535 574 1596 arbitror
600 1537 747 1596 amicitiae
774 1535 889 1614 legibus
912 1538 1023 1615 inpune
1046 1540 1206 1599 committi.

190 1625 263 1686 illud
287 1627 447 1686 etiamnum
471 1624 605 1685 dolenter
628 1624 693 1684 laxo
717 1626 854 1707 tacitum,
882 1625 961 1704 quod
984 1624 1102 1686 libellos
1127 1627 1207 1708 illos,

192 1733 266 1794 quos
289 1722 341 1776 tuo
364 1717 484 1776 nomine
508 1713 658 1774 nobilitari
681 1731 741 1773 non
759 1712 874 1796 abnuis,
897 1713 979 1774 nullo
998 1733 1142 1795 umquam
1161 1719 1209 1776 in·

150 1826 176 1868 11
189 1806 339 1884 pertivisti
351 1806 507 1883 rescripto.
527 1802 578 1863 sed
593 1820 718 1863 vacuum
732 1803 808 1862 lorte
822 1821 881 1863 non
892 1805 1031 1884 suppetit,
1046 1805 1127 1885 quod
1141 1813 1207 1867 tute

190 1893 342 1955 modicum
363 1911 487 1972 magnae
510 1891 668 1952 admodum
692 1891 846 1970 impendas
865 1893 1021 1953 amicitiae.
1059 1890 1088 1954 3.
1109 1913 1208 1974 ecquo

190 1990 286 2044 tumet
309 1989 455 2060 occupatu
477 1999 618 2060 umquam
641 1982 793 2062 uspiamve
813 1979 1013 2062 implicabere,
1037 1984 1111 2061 quin
1130 1983 1206 2044 illud

190 2075 223 2132 in
246 2070 373 2132 aliorum
396 2069 549 2130 commoda
572 2065 729 2148 revergat?
760 2088 827 2130 cum
846 2077 968 2149 precatu
988 2071 1077 2132 deum
1095 2071 1210 2154 placas,

192 2159 320 2220 eundem
352 2177 412 2219 non
440 2157 527 2218 modo
555 2160 657 2218 amicis
688 2158 740 2219 sed
770 2160 879 2237 ignotis
907 2177 1025 2239 quoque
1054 2161 1209 2222 concilias

152 2273 179 2314 oo
194 2268 261 2310 cum
282 2249 497 2327 scripturarum
516 2247 687 2308 caelestium
704 2249 846 2328 mysteria
863 2250 992 2330 rimaris,
1015 2267 1074 2328 quo
1093 2256 1123 2310 te
1144 2257 1210 2312 stu-

194 2337 307 2398 diosius
335 2335 457 2416 imbuiS,
490 2354 524 2396 eo
555 2336 719 2397 doctrinam
747 2338 855 2397 ceteris
885 2339 1035 2416 copiosius
1062 2339 1209 2401 infundis.

194 2445 261 2488 cum
293 2433 359 2486 tuas
392 2443 463 2504 opes
495 2427 526 2485 in
558 2443 631 2486 usus
662 2427 785 2505 inopum
816 2425 963 2507 prodigis,
996 2425 1052 2487 tibi
1084 2428 1210 2506 quidem

193 2533 340 2596 maxume,
364 2514 416 2575 sed
439 2514 505 2575 aliis
529 2533 645 2594 quoque
669 2514 837 2576 consultum
860 2515 940 2577 lacis,
981 2515 1106 2595 proinde
1130 2517 1210 2578 nihil

194 2603 340 2686 videlicet,
352 2604 485 2684 prolecto
500 2604 574 2664 nibil
589 2611 633 2664 est
646 2611 706 2664 tam
721 2604 913 2665 infecundum
922 2606 1073 2664 actionum
1086 2611 1210 2667 tuarum

155 2717 183 2760 rs
197 2697 342 2776 omnium,
371 2693 449 2773 quod
477 2692 532 2753 tibi
559 2696 612 2754 uni
641 2692 697 2753 soli
723 2699 838 2753 tantum
862 2700 892 2754 et
914 2711 974 2753 non
997 2692 1063 2753 aliis
1087 2712 1211 2774 quoque

194 2784 297 2845 multis
320 2790 418 2844 tecum
441 2783 565 2844 uberem
584 2783 714 2842 fructum
733 2782 815 2842 ierat.
852 2777 882 2843 4.
901 2781 982 2842 nulla
1000 2784 1092 2861 igitur
1107 2786 1211 2845 cuius-

267 2943 283 2991 2
302 2935 378 2991 facto
390 2937 458 3018 AN
460 2936 506 3008 Τῇ
519 2943 535 2990 3
555 2933 666 3016 quoties
684 2940 744 3018 (om.
759 2933 811 3004 eli)
824 2936 852 2989 L
867 2925 875 2999 1
886 2935 961 2989 unde
980 2938 1042 3005 (om.
1057 2937 1106 2992 alt.
1120 2937 1212 3008 unde)
1284 2901 1285 2922 A

196 3010 223 3063 r
245 3011 254 3080 1
276 3015 488 3135 *bittit
505 3006 885 3147 111111111ῗὲἲῖἕὲ
888 3008 929 3148 16
938 3007 1213 3136 ”titulabit
1284 3119 1285 3126 .

195 3082 341 3232 Amida
356 3096 561 3232 1101111118
580 3149 669 3231 isreel:
683 3096 797 3230 ,upote
815 3149 885 3233 naec
904 3150 1010 3219 Nur,
1034 3148 1165 3204 irenaeo
1191 3121 1217 3207 ὁ

197 3224 204 3289 ll
224 3229 239 3277 9
258 3225 291 3304 tp
309 3220 479 3304 rudrcpbens
497 3222 533 3287 L,
551 3222 612 3275 tute
631 3218 801 3302 rudrcebons
819 3238 851 3275 m
868 3238 933 3303 roc,
951 3220 986 3275 be
1004 3237 1026 3277 ε.
1043 3221 1140 3302 11111111.
1155 3221 1214 3292 N1,
1284 3269 1285 3272 ,

196 3295 266 3418 111
276 3292 522 3432 111113111οΞ
534 3291 774 3419 titubet
792 3293 972 3433 :telleia
985 3296 1214 3431 ttttttttt

198 3437 228 3489 et
245 3435 280 3502 L,
299 3450 387 3502 ecquo
405 3439 465 3488 tam
485 3450 519 3488 ex
539 3433 576 3501 F,
598 3433 713 3501 Hecquo
730 3435 791 3487 tom
809 3450 843 3488 ex
861 3435 895 3501 P,
915 3434 1042 3503 haecquo
1061 3434 1118 3501 (vel
1136 3450 1168 3489 ec
1188 3453 1212 3492 e.

197 3507 216 3560 1.
235 3505 300 3560 odd.
319 3504 376 3574 ΜΣ)
394 3507 454 3558 tam
472 3520 507 3558 ex
524 3505 566 3572 M,
584 3503 778 3584 haecquotbe
796 3521 863 3560 eros.
880 3505 925 3573 0²)
944 3505 1022 3574 exo,
1041 3520 1129 3573 ecquo
1148 3507 1213 3561 tam

201 3577 226 3612 '¹¹
237 3579 246 3612 ¹¹
260 3580 295 3612 ‘²⁰
313 3574 460 3644 mysteria]
480 3577 589 3628 secrete
604 3573 630 3627 Τ
640 3577 649 3642 11
664 3583 697 3628 ‘22
716 3575 842 3646 rnopum]
856 3591 1012 3645 pauperum
1027 3576 1073 3644 ΤΙΙ
1087 3581 1121 3629 26
1140 3577 1215 3632 ube-
