2614 4030
312 252 478 309 SIDONIUS
496 253 679 310 PETRONIO
699 253 767 310 SUO
787 254 963 311 SALUTEM.
1096 255 1138 318 37

129 403 197 463 dote
225 405 417 485 conspIcuuS,
444 405 641 466 amicitiarum
668 413 798 484 tuarum,
830 407 890 465 nisi
917 406 1048 486 respuis,
1080 406 1139 465 avi-

128 491 251 562 dissime
276 492 390 553 siaibus
409 493 546 574 infertur,
570 501 599 554 et
618 513 685 554 cum
704 493 748 554 illi
766 493 893 554 familiae
912 493 1053 573 splendor
1070 511 1139 573 pro-

126 579 204 641 bitas
236 598 362 664 morum,
388 585 561 661 patrimonii
593 583 715 644 facultas
747 584 909 643 inventutis
941 582 1075 644 alacritas
1108 585 1140 643 ln

127 687 215 731 omne
234 669 326 731 decus
345 673 410 750 pari
429 671 511 732 lance
532 672 743 753 conquadrent,
766 674 807 732 ita
826 670 946 732 demum
965 671 1023 732 sibi
1040 678 1140 732 tamen

9 773 12 782 ’
125 757 276 820 ridebitur
308 759 344 820 ad
372 778 470 821 arcem
502 760 740 840 fastigatissimae
769 760 918 821 felicitatis
947 767 1078 842 erectus,
1112 763 1138 821 si
1165 775 1180 816 a

127 850 239 927 gratiae
259 855 326 909 tuae
347 848 499 910 sodalitate
518 853 656 929 potiatur.
698 847 727 911 2.
751 848 883 929 Optantii
906 849 1065 910 clarissimi
1082 852 1140 909 viri

126 955 224 1016 nuper
250 939 309 998 vita
337 937 431 998 functi
458 937 562 1020 filiam,
590 939 668 1018 qnod
697 938 752 999 deo
774 945 968 1018 prosperante
992 938 1140 1019 succedat,

127 1025 200 1086 licet
223 1044 239 1086 a
262 1033 356 1088 matre
379 1026 508 1107 pupillae
527 1029 559 1088 in
585 1029 754 1107 coniugium
772 1029 892 1106 petierit
911 1026 1140 1109 obtinueritque,

80 1109 83 1113 ’
126 1133 233 1194 parum
257 1122 357 1176 tamen
380 1123 515 1177 votorum
540 1135 662 1177 suorum
684 1122 852 1196 promotum
873 1123 975 1177 censet
993 1116 1140 1197 effectum,

126 1205 187 1266 nisi
209 1222 364 1266 assensum
386 1211 472 1266 tuum
495 1223 585 1285 super
607 1206 655 1266 bis
674 1205 812 1266 omnibns
836 1223 889 1266 seu
913 1205 1067 1266 sedulitate
1087 1223 1140 1266 sua
1155 1229 1182 1266 ιο

128 1311 183 1354 seu
214 1301 338 1372 precatu
369 1301 487 1355 nostrae
520 1297 745 1356 intercessionis
773 1295 963 1373 adipiscatur.
1013 1312 1140 1374 namque

127 1385 207 1462 ipsc,
231 1389 374 1461 quantum
397 1383 432 1444 ad
456 1385 674 1446 iustitutionem
697 1390 810 1463 spectat
832 1382 962 1465 puellae,
988 1386 1020 1444 in
1043 1383 1141 1444 locum

126 1473 239 1532 mortui
262 1474 356 1551 patris
380 1491 520 1534 curarum
542 1474 768 1552 participatione
792 1471 937 1554 succedis,
961 1472 1140 1534 conferendo

127 1562 237 1639 virgini
259 1562 391 1639 parentis
410 1562 557 1644 affectum,
579 1563 696 1641 patroni
714 1555 928 1642 auctoritatem,
950 1563 1057 1622 tutoris
1077 1561 1140 1621 offi-

128 1651 216 1710 cium.
262 1647 291 1712 3.
316 1652 468 1732 quocirca,
497 1653 565 1730 quia
588 1647 766 1732 dignus'es,
789 1656 822 1710 111
845 1648 950 1710 domus
973 1656 1040 1711 tuae
1065 1649 1180 1712 cele-1⁵

126 1737 289 1799 berrimam
316 1739 503 1820 disciplinam
532 1741 620 1801 etiam
649 1738 753 1820 procul
781 1740 948 1818 positorum
975 1745 1056 1818 petat
1080 1757 1140 1798 am-

127 1826 223 1909 bitus,
260 1830 338 1890 sicut
370 1828 455 1890 decet
491 1828 636 1891 bonarum
667 1830 797 1909 partium
828 1829 921 1909 viros,
958 1827 1140 1906 benignitate

127 1919 265 1996 responsi
286 1920 371 1997 proci
395 1917 536 1997 supplicis
560 1917 768 1980 verecundiam
790 1934 947 1977 munerare
968 1924 1006 1998 ct,
1029 1917 1081 1995 qui
1099 1918 1141 1976 ita

127 2008 276 2085 expetitus
304 2005 428 2068 deberes
456 2006 499 2068 illi
524 2015 663 2087 expetere
688 2006 899 2086 pollicendam,
927 2023 1050 2082 securus
1073 2024 1140 2084 pcr-

126 2095 211 2155 mitte
239 2098 432 2178 promissam,
460 2098 528 2175 qnia
556 2099 599 2158 111
627 2104 656 2156 11
681 2095 849 2156 111111111οηὶ
871 2095 941 2155 huic
963 2097 1139 2156 meritorum
1155 2117 1181 2156 1ο

127 2186 203 2244 ratio
226 2185 381 2267 praefecit,
408 2192 441 2246 ut
463 2204 518 2246 nec
542 2187 695 2264 superstiti
719 2184 857 2264 Optantio
881 2186 912 2244 in
935 2183 1045 2245 liberos
1070 2202 1140 2245 suos

128 2272 265 2334 decuerit
286 2273 353 2352 plus
376 2273 475 2334 licere.
512 2274 584 2335 vale.

614 2499 653 2566 V.

306 2621 474 2677 SIDONIUS
493 2621 678 2677 PETRONIO
698 2620 766 2676 SUO
786 2619 964 2677 SALUTEM.

197 2731 225 2796 1.
249 2734 394 2796 lohannes
413 2733 573 2796 familiaris
584 2753 669 2796 meus
687 2733 923 2795 inextricabilem
941 2733 1140 2814 labyrinthum

126 2826 240 2904 negotii
262 2824 435 2904 multiplicis
459 2826 587 2884 incurrit
610 2831 640 2885 et
662 2823 757 2884 donec
781 2842 901 2884 suarum
924 2825 1031 2884 merita
1055 2823 1139 2883 cbar-
1153 2843 1180 2885 11

126 2921 226 2976 tarum
248 2913 294 2974 vel
316 2921 415 2974 restra
438 2915 562 2974 scientia
585 2912 632 2974 rel
656 2915 682 2973 si
706 2931 763 2993 qua
782 2919 827 2972 est
845 2919 961 2972 vestrae
982 2904 1023 2995 (si
1040 2917 1140 2972 tamen

127 3010 174 3064 est
187 2996 261 3086 ulla)
277 3002 383 3062 similis
397 3005 570 3082 inspexerit,
590 3001 661 3080 quid
676 3008 805 3080 respuat,
824 3000 895 3079 quid
915 3006 995 3079 optet
1014 3002 1140 3078 ignorat.

127 3094 169 3152 ita
197 3110 228 3152 se
257 3090 472 3171 quodammodo
500 3090 658 3169 bipertitae
690 3090 752 3150 litis
783 3089 878 3150 forma
908 3089 1074 3170 confundit,
1106 3095 1140 3150 ut

126 3182 290 3260 propositio
315 3199 368 3242 sua
391 3199 480 3260 quem
499 3182 623 3242 actionis
643 3178 778 3239 ordinem
796 3183 1026 3259 propugnatura,
1050 3196 1140 3257 quem

127 3271 167 3330 sit
188 3271 405 3351 impugnatura,
427 3288 488 3330 non
506 3271 629 3330 noverit.
663 3265 692 3330 2.
715 3286 769 3347 pro
788 3284 848 3346 quo
867 3285 987 3346 precem
1007 3267 1138 3328 sedulam
1153 3289 1183 3329 eo

199 3483 215 3530 1
233 3474 318 3546 parili
334 3475 424 3548 01111
441 3474 616 3546 adipiscatur
631 3474 690 3543 To,
706 3472 877 3546 adipiscItur
890 3473 994 3528 LMN
1004 3476 1013 3544 ΙΙ
1029 3481 1139 3544 191111-

125 3545 209 3601 mitte
230 3551 309 3616 (oorr.
329 3550 361 3602 toa
379 3547 511 3617 permitte
530 3545 838 3616 comportatorum
858 3552 921 3602 cote
939 3547 972 3600 ut
990 3547 1038 3618 lep.
1054 3544 1141 3600 italo

126 3619 166 3687 T;
184 3621 219 3686 of.
238 3636 279 3688 ep.
298 3620 430 3688 1311,11
445 3621 501 3690 1127
521 3616 623 3687 quidve
643 3619 723 3687 optet
743 3617 786 3688 011
