<?xml version="1.0" encoding="UTF-8"?>
<!DOCTYPE html PUBLIC "-//W3C//DTD XHTML 1.0 Transitional//EN"
    "http://www.w3.org/TR/xhtml1/DTD/xhtml1-transitional.dtd">
<html xmlns="http://www.w3.org/1999/xhtml" xml:lang="en" lang="en">
 <head>
  <title>
</title>
<meta http-equiv="Content-Type" content="text/html;charset=utf-8" />
  <meta name='ocr-system' content='tesseract 3.04.00' />
  <meta name='ocr-capabilities' content='ocr_page ocr_carea ocr_par ocr_line ocrx_word'/>
</head>
<body>
  <div class='ocr_page' id='page_1' title='image "./csolliusapollin01apolgoog_0022.png"; bbox 0 0 2614 4030; ppageno 0'>
   <div class='ocr_carea' id='block_1_1' title="bbox 532 259 1145 330">
    <p class='ocr_par' dir='ltr' id='par_1_1' title="bbox 532 259 1145 330">
     <span class='ocr_line' id='line_1_1' title="bbox 532 259 1145 330; baseline 0.002 -2"><span class='ocrx_word' id='word_1_1' title='bbox 532 272 746 329; x_wconf 69' lang='lat' dir='ltr'><strong>recursum.</strong></span> <span class='ocrx_word' id='word_1_2' title='bbox 789 259 791 264; x_wconf 83' lang='lat'>&#39;</span> <span class='ocrx_word' id='word_1_3' title='bbox 1093 275 1145 330; x_wconf 80' lang='lat' dir='ltr'><strong>xv</strong></span> 
     </span>
    </p>
   </div>
   <div class='ocr_carea' id='block_1_2' title="bbox 121 421 1193 3701">
    <p class='ocr_par' dir='ltr' id='par_1_2' title="bbox 121 421 1193 3701">
     <span class='ocr_line' id='line_1_2' title="bbox 127 421 1144 506; baseline 0.002 -23"><span class='ocrx_word' id='word_1_4' title='bbox 127 424 226 484; x_wconf 80' lang='lat' dir='ltr'><strong>forma</strong></span> <span class='ocrx_word' id='word_1_5' title='bbox 255 425 302 482; x_wconf 84' lang='lat' dir='ltr'><strong>vix</strong></span> <span class='ocrx_word' id='word_1_6' title='bbox 330 429 375 482; x_wconf 88' lang='lat' dir='ltr'><strong>est</strong></span> <span class='ocrx_word' id='word_1_7' title='bbox 403 424 543 502; x_wconf 81' lang='lat' dir='ltr'><strong>genuina,</strong></span> <span class='ocrx_word' id='word_1_8' title='bbox 575 440 601 482; x_wconf 87' lang='lat' dir='ltr'><strong>v.</strong></span> <span class='ocrx_word' id='word_1_9' title='bbox 625 421 684 482; x_wconf 90' lang='lat' dir='ltr'><strong>ind.</strong></span> <span class='ocrx_word' id='word_1_10' title='bbox 709 456 751 464; x_wconf 83' lang='lat'><em>-</em></span> <span class='ocrx_word' id='word_1_11' title='bbox 779 421 860 483; x_wconf 85' lang='lat' dir='ltr'><strong>lb.&#39;i</strong></span> <span class='ocrx_word' id='word_1_12' title='bbox 889 425 1019 502; x_wconf 87' lang='lat' dir='ltr'><strong>itemque</strong></span> <span class='ocrx_word' id='word_1_13' title='bbox 1048 443 1093 503; x_wconf 91' lang='lat' dir='ltr'><strong>ep.</strong></span> <span class='ocrx_word' id='word_1_14' title='bbox 1113 426 1144 506; x_wconf 92' lang='lat' dir='ltr'><strong>V,</strong></span> 
     </span>
     <span class='ocr_line' id='line_1_3' title="bbox 126 509 1142 592; baseline -0.001 -18"><span class='ocrx_word' id='word_1_15' title='bbox 126 511 182 592; x_wconf 81' lang='lat'><strong>20,</strong></span> <span class='ocrx_word' id='word_1_16' title='bbox 201 511 223 572; x_wconf 87' lang='lat'><strong>4</strong></span> <span class='ocrx_word' id='word_1_17' title='bbox 248 530 285 570; x_wconf 85' lang='lat' dir='ltr'><strong>ex</strong></span> <span class='ocrx_word' id='word_1_18' title='bbox 312 510 449 590; x_wconf 89' lang='lat' dir='ltr'><strong>plurimis</strong></span> <span class='ocrx_word' id='word_1_19' title='bbox 477 509 630 571; x_wconf 85' lang='lat' dir='ltr'><strong>codicibus</strong></span> <span class='ocrx_word' id='word_1_20' title='bbox 653 513 807 573; x_wconf 80' lang='lat' dir='ltr'><em>Arelatem</em></span> <span class='ocrx_word' id='word_1_21' title='bbox 835 514 950 590; x_wconf 87' lang='lat' dir='ltr'><strong>scripsi.</strong></span> <span class='ocrx_word' id='word_1_22' title='bbox 974 547 1016 556; x_wconf 88' lang='lat'><strong>-</strong></span> <span class='ocrx_word' id='word_1_23' title='bbox 1039 513 1080 574; x_wconf 92' lang='lat' dir='ltr'><strong>lb.</strong></span> <span class='ocrx_word' id='word_1_24' title='bbox 1102 511 1142 575; x_wconf 89' lang='lat'><strong>16</strong></span> 
     </span>
     <span class='ocr_line' id='line_1_4' title="bbox 127 599 1143 680; baseline 0.002 -19"><span class='ocrx_word' id='word_1_25' title='bbox 127 621 203 662; x_wconf 85' lang='lat' dir='ltr'><strong>reus</strong></span> <span class='ocrx_word' id='word_1_26' title='bbox 232 599 364 660; x_wconf 88' lang='lat' dir='ltr'><strong>seribere</strong></span> <span class='ocrx_word' id='word_1_27' title='bbox 392 601 486 660; x_wconf 90' lang='lat' dir='ltr'><strong>satius</strong></span> <span class='ocrx_word' id='word_1_28' title='bbox 513 601 610 660; x_wconf 92' lang='lat' dir='ltr'><strong>visum</strong></span> <span class='ocrx_word' id='word_1_29' title='bbox 638 607 696 680; x_wconf 82' lang='lat' dir='ltr'><strong>est3</strong></span> <span class='ocrx_word' id='word_1_30' title='bbox 727 608 807 661; x_wconf 89' lang='lat' dir='ltr'><strong>recte</strong></span> <span class='ocrx_word' id='word_1_31' title='bbox 836 603 916 661; x_wconf 89' lang='lat' dir='ltr'><strong>enim</strong></span> <span class='ocrx_word' id='word_1_32' title='bbox 943 601 1143 663; x_wconf 88' lang='lat' dir='ltr'><strong>Chatelainius</strong></span> 
     </span>
     <span class='ocr_line' id='line_1_5' title="bbox 127 687 1143 770; baseline 0.004 -21"><span class='ocrx_word' id='word_1_33' title='bbox 127 696 232 750; x_wconf 90' lang='lat' dir='ltr'><strong>monet</strong></span> <span class='ocrx_word' id='word_1_34' title='bbox 264 688 350 749; x_wconf 83' lang='lat' dir='ltr'><strong>facile</strong></span> <span class='ocrx_word' id='word_1_35' title='bbox 378 707 445 748; x_wconf 90' lang='lat' dir='ltr'><strong>esse</strong></span> <span class='ocrx_word' id='word_1_36' title='bbox 475 689 511 748; x_wconf 91' lang='lat' dir='ltr'><strong>ad</strong></span> <span class='ocrx_word' id='word_1_37' title='bbox 542 687 786 770; x_wconf 85' lang='lat' dir='ltr'><strong>intellegendum,</strong></span> <span class='ocrx_word' id='word_1_38' title='bbox 819 691 966 768; x_wconf 88' lang='lat' dir='ltr'><strong>quomodo</strong></span> <span class='ocrx_word' id='word_1_39' title='bbox 994 709 1077 752; x_wconf 87' lang='lat' dir='ltr'><strong>meus</strong></span> <span class='ocrx_word' id='word_1_40' title='bbox 1106 710 1143 752; x_wconf 81' lang='lat' dir='ltr'><strong>ex</strong></span> 
     </span>
     <span class='ocr_line' id='line_1_6' title="bbox 127 778 1141 859; baseline 0.002 -21"><span class='ocrx_word' id='word_1_41' title='bbox 127 798 202 840; x_wconf 84' lang='lat' dir='ltr'><strong>reus</strong></span> <span class='ocrx_word' id='word_1_42' title='bbox 226 779 335 838; x_wconf 87' lang='lat' dir='ltr'><strong>factum</strong></span> <span class='ocrx_word' id='word_1_43' title='bbox 359 779 407 858; x_wconf 90' lang='lat' dir='ltr'><strong>sit,</strong></span> <span class='ocrx_word' id='word_1_44' title='bbox 430 784 532 837; x_wconf 89' lang='lat' dir='ltr'><strong>contra</strong></span> <span class='ocrx_word' id='word_1_45' title='bbox 557 796 615 838; x_wconf 90' lang='lat' dir='ltr'><strong>non</strong></span> <span class='ocrx_word' id='word_1_46' title='bbox 639 779 718 838; x_wconf 85' lang='lat' dir='ltr'><strong>item.</strong></span> <span class='ocrx_word' id='word_1_47' title='bbox 738 811 780 821; x_wconf 95' lang='lat'>—</span> <span class='ocrx_word' id='word_1_48' title='bbox 799 778 840 840; x_wconf 92' lang='lat' dir='ltr'><strong>lb.</strong></span> <span class='ocrx_word' id='word_1_49' title='bbox 860 779 896 839; x_wconf 90' lang='lat' dir='ltr'><strong>de</strong></span> <span class='ocrx_word' id='word_1_50' title='bbox 920 783 975 841; x_wconf 84' lang='lat' dir='ltr'><strong>sed</strong></span> <span class='ocrx_word' id='word_1_51' title='bbox 992 798 1016 840; x_wconf 92' lang='lat' dir='ltr'><strong>v.</strong></span> <span class='ocrx_word' id='word_1_52' title='bbox 1036 779 1141 859; x_wconf 85' lang='lat' dir='ltr'><strong>Engel·</strong></span> 
     </span>
     <span class='ocr_line' id='line_1_7' title="bbox 127 861 1140 947; baseline 0.004 -21"><span class='ocrx_word' id='word_1_53' title='bbox 127 867 258 927; x_wconf 83' lang='lat' dir='ltr'><strong>brechtii</strong></span> <span class='ocrx_word' id='word_1_54' title='bbox 281 864 390 927; x_wconf 90' lang='lat' dir='ltr'><strong>librum</strong></span> <span class='ocrx_word' id='word_1_55' title='bbox 414 861 602 927; x_wconf 77' lang='lat' dir='ltr'><strong>‘Untersucb</strong></span> <span class='ocrx_word' id='word_1_56' title='bbox 631 866 705 927; x_wconf 76' lang='lat' dir='ltr'><strong>uber</strong></span> <span class='ocrx_word' id='word_1_57' title='bbox 733 867 760 927; x_wconf 90' lang='lat' dir='ltr'><strong>d.</strong></span> <span class='ocrx_word' id='word_1_58' title='bbox 785 866 916 947; x_wconf 89' lang='lat' dir='ltr'><strong>Spraehe</strong></span> <span class='ocrx_word' id='word_1_59' title='bbox 939 868 966 928; x_wconf 83' lang='lat' dir='ltr'><strong>d.</strong></span> <span class='ocrx_word' id='word_1_60' title='bbox 991 868 1140 930; x_wconf 83' lang='lat' dir='ltr'><strong>Claudiae.</strong></span> 
     </span>
     <span class='ocr_line' id='line_1_8' title="bbox 127 951 1142 1036; baseline 0.003 -21"><span class='ocrx_word' id='word_1_61' title='bbox 127 951 227 1016; x_wconf 65' lang='lat' dir='ltr'><strong>Mam?</strong></span> <span class='ocrx_word' id='word_1_62' title='bbox 250 975 278 1034; x_wconf 95' lang='lat' dir='ltr'><strong>p.</strong></span> <span class='ocrx_word' id='word_1_63' title='bbox 298 953 354 1035; x_wconf 75' lang='lat'><strong>433</strong></span> <span class='ocrx_word' id='word_1_64' title='bbox 382 954 462 1016; x_wconf 91' lang='lat' dir='ltr'><strong>aliud</strong></span> <span class='ocrx_word' id='word_1_65' title='bbox 491 955 659 1035; x_wconf 84' lang='lat' dir='ltr'><strong>exemplum</strong></span> <span class='ocrx_word' id='word_1_66' title='bbox 687 956 783 1016; x_wconf 89' lang='lat' dir='ltr'><strong>simile</strong></span> <span class='ocrx_word' id='word_1_67' title='bbox 807 958 908 1017; x_wconf 91' lang='lat' dir='ltr'><strong>iuveni</strong></span> <span class='ocrx_word' id='word_1_68' title='bbox 931 957 1007 1036; x_wconf 84' lang='lat' dir='ltr'><strong>apud</strong></span> <span class='ocrx_word' id='word_1_69' title='bbox 1033 957 1142 1018; x_wconf 87' lang='lat' dir='ltr'><strong>Salvia-</strong></span> 
     </span>
     <span class='ocr_line' id='line_1_9' title="bbox 127 1037 1141 1127; baseline 0.003 -22"><span class='ocrx_word' id='word_1_70' title='bbox 127 1063 201 1105; x_wconf 91' lang='lat' dir='ltr'><strong>num</strong></span> <span class='ocrx_word' id='word_1_71' title='bbox 224 1063 253 1123; x_wconf 93' lang='lat' dir='ltr'><strong>p.</strong></span> <span class='ocrx_word' id='word_1_72' title='bbox 273 1041 347 1123; x_wconf 80' lang='lat'><strong>284,</strong></span> <span class='ocrx_word' id='word_1_73' title='bbox 369 1041 410 1104; x_wconf 90' lang='grc'><strong>14</strong></span> <span class='ocrx_word' id='word_1_74' title='bbox 425 1037 485 1127; x_wconf 83' lang='lat' dir='ltr'><strong>(P.)</strong></span> <span class='ocrx_word' id='word_1_75' title='bbox 510 1048 556 1105; x_wconf 80' lang='lat' dir='ltr'><strong>illi</strong></span> <span class='ocrx_word' id='word_1_76' title='bbox 578 1053 667 1105; x_wconf 84' lang='lat' dir='ltr'><strong>erunt</strong></span> <span class='ocrx_word' id='word_1_77' title='bbox 691 1049 722 1106; x_wconf 83' lang='lat' dir='ltr'><strong>iu</strong></span> <span class='ocrx_word' id='word_1_78' title='bbox 746 1048 937 1107; x_wconf 80' lang='lat' dir='ltr'><strong>abundantia</strong></span> <span class='ocrx_word' id='word_1_79' title='bbox 960 1050 1016 1107; x_wconf 81' lang='lat' dir='ltr'><strong>sed</strong></span> <span class='ocrx_word' id='word_1_80' title='bbox 1037 1051 1087 1109; x_wconf 81' lang='lat' dir='ltr'><strong>ille</strong></span> <span class='ocrx_word' id='word_1_81' title='bbox 1110 1051 1141 1108; x_wconf 81' lang='lat' dir='ltr'><strong>tu</strong></span> 
     </span>
     <span class='ocr_line' id='line_1_10' title="bbox 127 1136 1140 1208; baseline 0.001 -13"><span class='ocrx_word' id='word_1_82' title='bbox 127 1141 275 1208; x_wconf 67' lang='lat' dir='ltr'><strong>epestate,</strong></span> <span class='ocrx_word' id='word_1_83' title='bbox 303 1136 348 1193; x_wconf 79' lang='lat' dir='ltr'><strong>illi</strong></span> <span class='ocrx_word' id='word_1_84' title='bbox 375 1137 406 1193; x_wconf 80' lang='lat' dir='ltr'><strong>tn</strong></span> <span class='ocrx_word' id='word_1_85' title='bbox 432 1136 642 1208; x_wconf 69' lang='lat' dir='ltr'><strong>protelatione</strong></span> <span class='ocrx_word' id='word_1_86' title='bbox 668 1137 724 1194; x_wconf 83' lang='lat' dir='ltr'><strong>sed</strong></span> <span class='ocrx_word' id='word_1_87' title='bbox 750 1139 799 1195; x_wconf 83' lang='lat' dir='ltr'><strong>ille</strong></span> <span class='ocrx_word' id='word_1_88' title='bbox 828 1138 858 1195; x_wconf 84' lang='lat' dir='ltr'><strong>ia</strong></span> <span class='ocrx_word' id='word_1_89' title='bbox 887 1138 991 1196; x_wconf 80' lang='lat' dir='ltr'><strong>dolore</strong></span> <span class='ocrx_word' id='word_1_90' title='bbox 1019 1142 1073 1196; x_wconf 88' lang='lat' dir='ltr'><strong>etc.</strong></span> <span class='ocrx_word' id='word_1_91' title='bbox 1098 1170 1140 1178; x_wconf 92' lang='lat'>—</span> 
     </span>
     <span class='ocr_line' id='line_1_11' title="bbox 127 1220 1140 1305; baseline 0.003 -22"><span class='ocrx_word' id='word_1_92' title='bbox 127 1220 213 1302; x_wconf 91' lang='lat' dir='ltr'><strong>ll,1,</strong></span> <span class='ocrx_word' id='word_1_93' title='bbox 235 1220 251 1282; x_wconf 93' lang='lat' dir='ltr'><strong>l</strong></span> <span class='ocrx_word' id='word_1_94' title='bbox 275 1240 330 1301; x_wconf 90' lang='lat' dir='ltr'><strong>pro</strong></span> <span class='ocrx_word' id='word_1_95' title='bbox 354 1225 477 1301; x_wconf 80' lang='lat' dir='ltr'><strong>quique,</strong></span> <span class='ocrx_word' id='word_1_96' title='bbox 504 1224 536 1282; x_wconf 87' lang='lat' dir='ltr'><strong>iri</strong></span> <span class='ocrx_word' id='word_1_97' title='bbox 560 1239 617 1300; x_wconf 92' lang='lat' dir='ltr'><strong>quo</strong></span> <span class='ocrx_word' id='word_1_98' title='bbox 641 1221 710 1282; x_wconf 92' lang='lat' dir='ltr'><strong>libri</strong></span> <span class='ocrx_word' id='word_1_99' title='bbox 733 1223 769 1282; x_wconf 91' lang='lat' dir='ltr'><strong>ad</strong></span> <span class='ocrx_word' id='word_1_100' title='bbox 792 1241 884 1284; x_wconf 91' lang='lat' dir='ltr'><strong>unum</strong></span> <span class='ocrx_word' id='word_1_101' title='bbox 908 1241 1024 1305; x_wconf 91' lang='lat' dir='ltr'><strong>omnes,</strong></span> <span class='ocrx_word' id='word_1_102' title='bbox 1052 1226 1140 1286; x_wconf 89' lang='lat' dir='ltr'><strong>etiam</strong></span> 
     </span>
     <span class='ocr_line' id='line_1_12' title="bbox 128 1303 1140 1394; baseline 0.003 -24"><span class='ocrx_word' id='word_1_103' title='bbox 128 1309 330 1389; x_wconf 83' lang='lat' dir='ltr'><strong>Sangallensis</strong></span> <span class='ocrx_word' id='word_1_104' title='bbox 353 1309 455 1371; x_wconf 81' lang='lat' dir='ltr'><strong>Fausti</strong></span> <span class='ocrx_word' id='word_1_105' title='bbox 474 1303 528 1394; x_wconf 82' lang='lat' dir='ltr'><strong>(G)</strong></span> <span class='ocrx_word' id='word_1_106' title='bbox 553 1329 580 1370; x_wconf 93' lang='lat' dir='ltr'><strong>u.</strong></span> <span class='ocrx_word' id='word_1_107' title='bbox 601 1307 674 1390; x_wconf 87' lang='lat'><strong>190,</strong></span> <span class='ocrx_word' id='word_1_108' title='bbox 697 1315 895 1393; x_wconf 88' lang='lat' dir='ltr'><strong>consentiunt,</strong></span> <span class='ocrx_word' id='word_1_109' title='bbox 918 1310 1140 1391; x_wconf 90' lang='lat' dir='ltr'><strong>Luetjohaunus</strong></span> 
     </span>
     <span class='ocr_line' id='line_1_13' title="bbox 128 1397 1141 1480; baseline 0.003 -21"><span class='ocrx_word' id='word_1_110' title='bbox 128 1417 287 1479; x_wconf 77' lang='lat' dir='ltr'>perperam</span> <span class='ocrx_word' id='word_1_111' title='bbox 310 1403 419 1476; x_wconf 80' lang='lat' dir='ltr'><strong>quippe</strong></span> <span class='ocrx_word' id='word_1_112' title='bbox 443 1401 570 1478; x_wconf 86' lang='lat' dir='ltr'><strong>scripsit.</strong></span> <span class='ocrx_word' id='word_1_113' title='bbox 608 1397 649 1458; x_wconf 89' lang='lat' dir='ltr'><strong>De</strong></span> <span class='ocrx_word' id='word_1_114' title='bbox 672 1398 728 1460; x_wconf 90' lang='lat' dir='ltr'><strong>hoe</strong></span> <span class='ocrx_word' id='word_1_115' title='bbox 747 1419 804 1462; x_wconf 92' lang='lat' dir='ltr'><strong>usu</strong></span> <span class='ocrx_word' id='word_1_116' title='bbox 821 1403 1006 1480; x_wconf 89' lang='lat' dir='ltr'><strong>pronominis</strong></span> <span class='ocrx_word' id='word_1_117' title='bbox 1025 1401 1141 1462; x_wconf 80' lang='lat' dir='ltr'><strong>relativi</strong></span> 
     </span>
     <span class='ocr_line' id='line_1_14' title="bbox 128 1484 1139 1573; baseline 0.003 -25"><span class='ocrx_word' id='word_1_118' title='bbox 128 1488 252 1548; x_wconf 90' lang='lat' dir='ltr'><strong>antehac</strong></span> <span class='ocrx_word' id='word_1_119' title='bbox 275 1486 322 1547; x_wconf 87' lang='lat' dir='ltr'><strong>vel</strong></span> <span class='ocrx_word' id='word_1_120' title='bbox 345 1487 479 1566; x_wconf 86' lang='lat' dir='ltr'><strong>neglecto</strong></span> <span class='ocrx_word' id='word_1_121' title='bbox 502 1488 549 1548; x_wconf 87' lang='lat' dir='ltr'><strong>vel</strong></span> <span class='ocrx_word' id='word_1_122' title='bbox 572 1489 671 1548; x_wconf 90' lang='lat' dir='ltr'><strong>minus</strong></span> <span class='ocrx_word' id='word_1_123' title='bbox 695 1488 845 1550; x_wconf 88' lang='lat' dir='ltr'><strong>intellecto</strong></span> <span class='ocrx_word' id='word_1_124' title='bbox 870 1484 1017 1573; x_wconf 81' lang='lat' dir='ltr'><strong>(iungitur</strong></span> <span class='ocrx_word' id='word_1_125' title='bbox 1041 1498 1139 1551; x_wconf 88' lang='lat' dir='ltr'><strong>autem</strong></span> 
     </span>
     <span class='ocr_line' id='line_1_15' title="bbox 127 1571 1138 1662; baseline 0.004 -26"><span class='ocrx_word' id='word_1_126' title='bbox 127 1577 352 1637; x_wconf 88' lang='lat' dir='ltr'><strong>demonstrativi</strong></span> <span class='ocrx_word' id='word_1_127' title='bbox 375 1576 440 1636; x_wconf 92' lang='lat' dir='ltr'><strong>loco</strong></span> <span class='ocrx_word' id='word_1_128' title='bbox 464 1595 532 1638; x_wconf 91' lang='lat' dir='ltr'><strong>cum</strong></span> <span class='ocrx_word' id='word_1_129' title='bbox 555 1576 667 1638; x_wconf 82' lang='lat' dir='ltr'><strong>voculis</strong></span> <span class='ocrx_word' id='word_1_130' title='bbox 690 1597 757 1658; x_wconf 81' lang='lat' dir='ltr'><strong>que,</strong></span> <span class='ocrx_word' id='word_1_131' title='bbox 779 1598 823 1654; x_wconf 87' lang='lat' dir='ltr'><strong>oe,</strong></span> <span class='ocrx_word' id='word_1_132' title='bbox 846 1598 927 1654; x_wconf 85' lang='lat' dir='ltr'><strong>uero,</strong></span> <span class='ocrx_word' id='word_1_133' title='bbox 951 1571 993 1662; x_wconf 85' lang='lat' dir='ltr'><strong>et)</strong></span> <span class='ocrx_word' id='word_1_134' title='bbox 1018 1598 1043 1639; x_wconf 89' lang='lat' dir='ltr'><strong>v.</strong></span> <span class='ocrx_word' id='word_1_135' title='bbox 1064 1599 1138 1658; x_wconf 88' lang='lat' dir='ltr'><strong>quae</strong></span> 
     </span>
     <span class='ocr_line' id='line_1_16' title="bbox 126 1663 1140 1748; baseline 0.005 -24"><span class='ocrx_word' id='word_1_136' title='bbox 126 1668 191 1745; x_wconf 93' lang='lat' dir='ltr'><strong>ipse</strong></span> <span class='ocrx_word' id='word_1_137' title='bbox 224 1667 256 1725; x_wconf 89' lang='lat' dir='ltr'><strong>iu</strong></span> <span class='ocrx_word' id='word_1_138' title='bbox 283 1663 441 1725; x_wconf 86' lang='lat' dir='ltr'><strong>Woelfflin.</strong></span> <span class='ocrx_word' id='word_1_139' title='bbox 464 1664 549 1726; x_wconf 77' lang='lat' dir='ltr'><strong>Arch.</strong></span> <span class='ocrx_word' id='word_1_140' title='bbox 573 1665 636 1745; x_wconf 93' lang='lat' dir='ltr'><strong>Vll,</strong></span> <span class='ocrx_word' id='word_1_141' title='bbox 658 1663 724 1728; x_wconf 77' lang='lat'><strong>442</strong></span> <span class='ocrx_word' id='word_1_142' title='bbox 735 1685 778 1745; x_wconf 92' lang='lat' dir='ltr'><strong>sq.</strong></span> <span class='ocrx_word' id='word_1_143' title='bbox 811 1669 948 1748; x_wconf 82' lang='lat' dir='ltr'><strong>exposui,</strong></span> <span class='ocrx_word' id='word_1_144' title='bbox 985 1675 1140 1746; x_wconf 85' lang='lat' dir='ltr'><strong>praeterea</strong></span> 
     </span>
     <span class='ocr_line' id='line_1_17' title="bbox 126 1749 1136 1835; baseline 0.003 -21"><span class='ocrx_word' id='word_1_145' title='bbox 126 1753 265 1833; x_wconf 83' lang='lat' dir='ltr'><strong>Eugelbr.</strong></span> <span class='ocrx_word' id='word_1_146' title='bbox 290 1749 403 1814; x_wconf 75' lang='lat' dir='ltr'><strong>‘Beitu&#39;</strong></span> <span class='ocrx_word' id='word_1_147' title='bbox 427 1773 454 1833; x_wconf 89' lang='lat' dir='ltr'><strong>p.</strong></span> <span class='ocrx_word' id='word_1_148' title='bbox 474 1750 494 1814; x_wconf 87' lang='lat'>9</span> <span class='ocrx_word' id='word_1_149' title='bbox 519 1762 548 1815; x_wconf 89' lang='lat' dir='ltr'><strong>et</strong></span> <span class='ocrx_word' id='word_1_150' title='bbox 570 1755 709 1815; x_wconf 86' lang='lat' dir='ltr'><strong>Bonuetii</strong></span> <span class='ocrx_word' id='word_1_151' title='bbox 731 1754 796 1815; x_wconf 87' lang='lat' dir='ltr'><strong>libr.</strong></span> <span class='ocrx_word' id='word_1_152' title='bbox 822 1751 860 1816; x_wconf 76' lang='lat' dir='ltr'><strong>‘le</strong></span> <span class='ocrx_word' id='word_1_153' title='bbox 883 1756 931 1816; x_wconf 85' lang='lat' dir='ltr'><strong>lat.</strong></span> <span class='ocrx_word' id='word_1_154' title='bbox 955 1755 982 1816; x_wconf 91' lang='lat' dir='ltr'><strong>d.</strong></span> <span class='ocrx_word' id='word_1_155' title='bbox 1003 1756 1087 1835; x_wconf 78' lang='lat' dir='ltr'><strong>Greg.</strong></span> <span class='ocrx_word' id='word_1_156' title='bbox 1109 1758 1136 1818; x_wconf 90' lang='lat' dir='ltr'><strong>d.</strong></span> 
     </span>
     <span class='ocr_line' id='line_1_18' title="bbox 126 1839 1138 1924; baseline 0.003 -22"><span class='ocrx_word' id='word_1_157' title='bbox 126 1839 235 1903; x_wconf 80' lang='lat' dir='ltr'><strong>&#39;lours&#39;</strong></span> <span class='ocrx_word' id='word_1_158' title='bbox 263 1862 290 1921; x_wconf 91' lang='lat' dir='ltr'><strong>p.</strong></span> <span class='ocrx_word' id='word_1_159' title='bbox 310 1840 383 1903; x_wconf 76' lang='lat'><strong>302.</strong></span> <span class='ocrx_word' id='word_1_160' title='bbox 434 1843 558 1903; x_wconf 92' lang='lat' dir='ltr'><strong>Possum</strong></span> <span class='ocrx_word' id='word_1_161' title='bbox 585 1844 674 1905; x_wconf 93' lang='lat' dir='ltr'><strong>huius</strong></span> <span class='ocrx_word' id='word_1_162' title='bbox 706 1847 751 1904; x_wconf 91' lang='lat' dir='ltr'><strong>rei</strong></span> <span class='ocrx_word' id='word_1_163' title='bbox 782 1844 871 1905; x_wconf 90' lang='lat' dir='ltr'><strong>latius</strong></span> <span class='ocrx_word' id='word_1_164' title='bbox 904 1847 1032 1924; x_wconf 88' lang='lat' dir='ltr'><strong>patentis</strong></span> <span class='ocrx_word' id='word_1_165' title='bbox 1066 1848 1138 1905; x_wconf 90' lang='lat' dir='ltr'><strong>satis</strong></span> 
     </span>
     <span class='ocr_line' id='line_1_19' title="bbox 126 1931 1137 2013; baseline 0.002 -21"><span class='ocrx_word' id='word_1_166' title='bbox 126 1931 220 1992; x_wconf 82' lang='lat' dir='ltr'><strong>mulla</strong></span> <span class='ocrx_word' id='word_1_167' title='bbox 242 1931 376 2010; x_wconf 86' lang='lat' dir='ltr'><strong>exempla</strong></span> <span class='ocrx_word' id='word_1_168' title='bbox 399 1932 516 2012; x_wconf 88' lang='lat' dir='ltr'><strong>allerre,</strong></span> <span class='ocrx_word' id='word_1_169' title='bbox 544 1951 618 2011; x_wconf 84' lang='lat' dir='ltr'><strong>quae</strong></span> <span class='ocrx_word' id='word_1_170' title='bbox 642 1935 706 2012; x_wconf 91' lang='lat' dir='ltr'><strong>ipsc</strong></span> <span class='ocrx_word' id='word_1_171' title='bbox 729 1940 832 2012; x_wconf 90' lang='lat' dir='ltr'><strong>postea</strong></span> <span class='ocrx_word' id='word_1_172' title='bbox 855 1933 931 2013; x_wconf 90' lang='lat' dir='ltr'><strong>apud</strong></span> <span class='ocrx_word' id='word_1_173' title='bbox 955 1935 1137 2012; x_wconf 80' lang='lat' dir='ltr'><strong>posteriores</strong></span> 
     </span>
     <span class='ocr_line' id='line_1_20' title="bbox 126 2020 1136 2100; baseline 0.002 -19"><span class='ocrx_word' id='word_1_174' title='bbox 126 2022 289 2100; x_wconf 82' lang='lat' dir='ltr'><strong>scriptores</strong></span> <span class='ocrx_word' id='word_1_175' title='bbox 308 2023 437 2100; x_wconf 90' lang='lat' dir='ltr'><strong>repperi,</strong></span> <span class='ocrx_word' id='word_1_176' title='bbox 459 2020 516 2080; x_wconf 90' lang='lat' dir='ltr'><strong>alia</strong></span> <span class='ocrx_word' id='word_1_177' title='bbox 533 2021 696 2082; x_wconf 88' lang='lat' dir='ltr'><strong>Bonuetius</strong></span> <span class='ocrx_word' id='word_1_178' title='bbox 715 2041 769 2100; x_wconf 95' lang='lat' dir='ltr'><strong>per</strong></span> <span class='ocrx_word' id='word_1_179' title='bbox 788 2022 902 2083; x_wconf 83' lang='lat' dir='ltr'><strong>litteras</strong></span> <span class='ocrx_word' id='word_1_180' title='bbox 921 2041 1038 2083; x_wconf 87' lang='lat' dir='ltr'><strong>mecum</strong></span> <span class='ocrx_word' id='word_1_181' title='bbox 1057 2040 1136 2083; x_wconf 88' lang='lat' dir='ltr'><strong>com-</strong></span> 
     </span>
     <span class='ocr_line' id='line_1_21' title="bbox 126 2110 1137 2191; baseline 0.004 -22"><span class='ocrx_word' id='word_1_182' title='bbox 126 2111 301 2189; x_wconf 69' lang='lat' dir='ltr'><strong>municavit,</strong></span> <span class='ocrx_word' id='word_1_183' title='bbox 328 2127 425 2188; x_wconf 92' lang='lat' dir='ltr'><strong>neque</strong></span> <span class='ocrx_word' id='word_1_184' title='bbox 448 2117 548 2170; x_wconf 87' lang='lat' dir='ltr'><strong>tamen</strong></span> <span class='ocrx_word' id='word_1_185' title='bbox 571 2110 619 2170; x_wconf 88' lang='lat' dir='ltr'><strong>hic</strong></span> <span class='ocrx_word' id='word_1_186' title='bbox 642 2110 724 2172; x_wconf 91' lang='lat' dir='ltr'><strong>locus</strong></span> <span class='ocrx_word' id='word_1_187' title='bbox 748 2118 807 2191; x_wconf 91' lang='lat' dir='ltr'><strong>est,</strong></span> <span class='ocrx_word' id='word_1_188' title='bbox 830 2120 863 2172; x_wconf 88' lang='lat' dir='ltr'><strong>ut</strong></span> <span class='ocrx_word' id='word_1_189' title='bbox 886 2131 920 2172; x_wconf 89' lang='lat' dir='ltr'><strong>ea</strong></span> <span class='ocrx_word' id='word_1_190' title='bbox 944 2115 1041 2172; x_wconf 89' lang='lat' dir='ltr'><strong>omnia</strong></span> <span class='ocrx_word' id='word_1_191' title='bbox 1065 2131 1137 2174; x_wconf 87' lang='lat' dir='ltr'><strong>euu-</strong></span> 
     </span>
     <span class='ocr_line' id='line_1_22' title="bbox 125 2197 1136 2281; baseline 0.004 -23"><span class='ocrx_word' id='word_1_192' title='bbox 125 2216 248 2258; x_wconf 91' lang='lat' dir='ltr'><strong>merem.</strong></span> <span class='ocrx_word' id='word_1_193' title='bbox 294 2197 378 2276; x_wconf 80' lang='lat' dir='ltr'><strong>Apud</strong></span> <span class='ocrx_word' id='word_1_194' title='bbox 406 2197 560 2259; x_wconf 89' lang='lat' dir='ltr'><strong>Sidonium</strong></span> <span class='ocrx_word' id='word_1_195' title='bbox 593 2200 697 2260; x_wconf 91' lang='lat' dir='ltr'><strong>eadem</strong></span> <span class='ocrx_word' id='word_1_196' title='bbox 728 2202 896 2261; x_wconf 88' lang='lat' dir='ltr'><strong>coniunctio</strong></span> <span class='ocrx_word' id='word_1_197' title='bbox 930 2203 1060 2262; x_wconf 85' lang='lat' dir='ltr'><strong>occurrit</strong></span> <span class='ocrx_word' id='word_1_198' title='bbox 1091 2221 1136 2281; x_wconf 87' lang='lat' dir='ltr'><strong>ep.</strong></span> 
     </span>
     <span class='ocr_line' id='line_1_23' title="bbox 126 2284 1138 2368; baseline 0.007 -23"><span class='ocrx_word' id='word_1_199' title='bbox 126 2287 157 2368; x_wconf 93' lang='lat' dir='ltr'><strong>V,</strong></span> <span class='ocrx_word' id='word_1_200' title='bbox 180 2284 267 2367; x_wconf 78' lang='lat'><strong>17,1</strong></span> <span class='ocrx_word' id='word_1_201' title='bbox 293 2291 443 2361; x_wconf 77' lang='lat' dir='ltr'><strong>quemque</strong></span> <span class='ocrx_word' id='word_1_202' title='bbox 465 2295 495 2348; x_wconf 89' lang='lat' dir='ltr'><strong>et</strong></span> <span class='ocrx_word' id='word_1_203' title='bbox 518 2297 648 2364; x_wconf 84' lang='lat' dir='ltr'><strong>apparet</strong></span> <span class='ocrx_word' id='word_1_204' title='bbox 669 2298 724 2350; x_wconf 84' lang='lat' dir='ltr'><strong>out</strong></span> <span class='ocrx_word' id='word_1_205' title='bbox 746 2309 785 2351; x_wconf 81' lang='lat' dir='ltr'><strong>eu</strong></span> <span class='ocrx_word' id='word_1_206' title='bbox 804 2293 870 2351; x_wconf 81' lang='lat' dir='ltr'><strong>ioco</strong></span> <span class='ocrx_word' id='word_1_207' title='bbox 889 2293 993 2352; x_wconf 81' lang='lat' dir='ltr'><strong>ventre</strong></span> <span class='ocrx_word' id='word_1_208' title='bbox 1012 2335 1019 2350; x_wconf 94' lang='lat'><strong>.</strong></span> <span class='ocrx_word' id='word_1_209' title='bbox 1035 2337 1063 2350; x_wconf 96' lang='lat'><strong>..</strong></span> <span class='ocrx_word' id='word_1_210' title='bbox 1084 2299 1138 2352; x_wconf 86' lang='lat' dir='ltr'><strong>eut</strong></span> 
     </span>
     <span class='ocr_line' id='line_1_24' title="bbox 126 2375 1137 2458; baseline 0.003 -21"><span class='ocrx_word' id='word_1_211' title='bbox 126 2396 167 2438; x_wconf 84' lang='lat' dir='ltr'><strong>ex</strong></span> <span class='ocrx_word' id='word_1_212' title='bbox 200 2393 323 2447; x_wconf 82' lang='lat' dir='ltr'><strong>umore;</strong></span> <span class='ocrx_word' id='word_1_213' title='bbox 356 2375 408 2454; x_wconf 80' lang='lat' dir='ltr'><strong>sed</strong></span> <span class='ocrx_word' id='word_1_214' title='bbox 440 2378 530 2436; x_wconf 88' lang='lat' dir='ltr'><strong>etiam</strong></span> <span class='ocrx_word' id='word_1_215' title='bbox 558 2395 603 2456; x_wconf 91' lang='lat' dir='ltr'><strong>ep.</strong></span> <span class='ocrx_word' id='word_1_216' title='bbox 622 2376 660 2458; x_wconf 88' lang='lat' dir='ltr'><strong>ll,</strong></span> <span class='ocrx_word' id='word_1_217' title='bbox 680 2375 753 2458; x_wconf 87' lang='lat'><strong>9,9</strong></span> <span class='ocrx_word' id='word_1_218' title='bbox 778 2397 814 2438; x_wconf 82' lang='lat' dir='ltr'><strong>cx</strong></span> <span class='ocrx_word' id='word_1_219' title='bbox 837 2377 919 2438; x_wconf 91' lang='lat' dir='ltr'><strong>LNV</strong></span> <span class='ocrx_word' id='word_1_220' title='bbox 947 2397 1137 2454; x_wconf 80' lang='lat' dir='ltr'><strong>quarumque</strong></span> 
     </span>
     <span class='ocr_line' id='line_1_25' title="bbox 125 2463 1136 2547; baseline 0.004 -23"><span class='ocrx_word' id='word_1_221' title='bbox 125 2482 192 2524; x_wconf 89' lang='lat' dir='ltr'><strong>meo</strong></span> <span class='ocrx_word' id='word_1_222' title='bbox 223 2463 297 2523; x_wconf 91' lang='lat' dir='ltr'><strong>mihi</strong></span> <span class='ocrx_word' id='word_1_223' title='bbox 324 2466 390 2524; x_wconf 92' lang='lat' dir='ltr'><strong>iure</strong></span> <span class='ocrx_word' id='word_1_224' title='bbox 418 2467 586 2526; x_wconf 89' lang='lat' dir='ltr'><strong>restituisse</strong></span> <span class='ocrx_word' id='word_1_225' title='bbox 619 2467 734 2547; x_wconf 90' lang='lat' dir='ltr'><strong>videor,</strong></span> <span class='ocrx_word' id='word_1_226' title='bbox 767 2467 914 2546; x_wconf 89' lang='lat' dir='ltr'><strong>siquidem</strong></span> <span class='ocrx_word' id='word_1_227' title='bbox 942 2466 1021 2527; x_wconf 93' lang='lat' dir='ltr'><strong>uulla</strong></span> <span class='ocrx_word' id='word_1_228' title='bbox 1049 2487 1136 2528; x_wconf 90' lang='lat' dir='ltr'><strong>causa</strong></span> 
     </span>
     <span class='ocr_line' id='line_1_26' title="bbox 125 2553 1193 2633; baseline 0.003 -19"><span class='ocrx_word' id='word_1_229' title='bbox 125 2554 288 2632; x_wconf 83' lang='lat' dir='ltr'><strong>excogitari</strong></span> <span class='ocrx_word' id='word_1_230' title='bbox 310 2560 417 2633; x_wconf 89' lang='lat' dir='ltr'><strong>potest,</strong></span> <span class='ocrx_word' id='word_1_231' title='bbox 440 2573 494 2614; x_wconf 89' lang='lat' dir='ltr'><strong>cur</strong></span> <span class='ocrx_word' id='word_1_232' title='bbox 517 2553 706 2615; x_wconf 83' lang='lat' dir='ltr'><strong>librariorum</strong></span> <span class='ocrx_word' id='word_1_233' title='bbox 730 2558 791 2616; x_wconf 88' lang='lat' dir='ltr'><strong>sive</strong></span> <span class='ocrx_word' id='word_1_234' title='bbox 814 2558 929 2617; x_wconf 88' lang='lat' dir='ltr'><strong>incuria</strong></span> <span class='ocrx_word' id='word_1_235' title='bbox 952 2558 1013 2616; x_wconf 85' lang='lat' dir='ltr'><strong>sire</strong></span> <span class='ocrx_word' id='word_1_236' title='bbox 1033 2556 1135 2617; x_wconf 82' lang='lat' dir='ltr'><strong>fraudo</strong></span> <span class='ocrx_word' id='word_1_237' title='bbox 1191 2619 1193 2623; x_wconf 80' lang='grc'>,</span> 
     </span>
     <span class='ocr_line' id='line_1_27' title="bbox 124 2641 1135 2724; baseline 0.004 -23"><span class='ocrx_word' id='word_1_238' title='bbox 124 2643 202 2702; x_wconf 89' lang='lat' dir='ltr'><strong>hane</strong></span> <span class='ocrx_word' id='word_1_239' title='bbox 226 2642 349 2701; x_wconf 84' lang='lat' dir='ltr'><strong>formam</strong></span> <span class='ocrx_word' id='word_1_240' title='bbox 372 2643 404 2701; x_wconf 90' lang='lat' dir='ltr'><strong>in</strong></span> <span class='ocrx_word' id='word_1_241' title='bbox 428 2660 496 2702; x_wconf 92' lang='lat' dir='ltr'><strong>eum</strong></span> <span class='ocrx_word' id='word_1_242' title='bbox 519 2641 618 2703; x_wconf 92' lang='lat' dir='ltr'><strong>locum</strong></span> <span class='ocrx_word' id='word_1_243' title='bbox 640 2646 798 2723; x_wconf 91' lang='lat' dir='ltr'><strong>irrepsisse</strong></span> <span class='ocrx_word' id='word_1_244' title='bbox 817 2647 957 2724; x_wconf 86' lang='lat' dir='ltr'><strong>opineris.</strong></span> <span class='ocrx_word' id='word_1_245' title='bbox 977 2678 1019 2687; x_wconf 90' lang='lat'>—</span> <span class='ocrx_word' id='word_1_246' title='bbox 1038 2645 1079 2705; x_wconf 91' lang='lat' dir='ltr'><strong>lb.</strong></span> <span class='ocrx_word' id='word_1_247' title='bbox 1099 2645 1135 2704; x_wconf 92' lang='lat' dir='ltr'><strong>de</strong></span> 
     </span>
     <span class='ocr_line' id='line_1_28' title="bbox 124 2727 1134 2812; baseline 0.003 -21"><span class='ocrx_word' id='word_1_248' title='bbox 124 2735 190 2808; x_wconf 82' lang='lat' dir='ltr'><strong>ipse</strong></span> <span class='ocrx_word' id='word_1_249' title='bbox 212 2749 238 2790; x_wconf 87' lang='lat' dir='ltr'><strong>v.</strong></span> <span class='ocrx_word' id='word_1_250' title='bbox 258 2749 303 2809; x_wconf 95' lang='lat' dir='ltr'><strong>ep.</strong></span> <span class='ocrx_word' id='word_1_251' title='bbox 322 2729 347 2811; x_wconf 95' lang='lat' dir='ltr'><strong>l,</strong></span> <span class='ocrx_word' id='word_1_252' title='bbox 367 2727 401 2812; x_wconf 88' lang='lat'><strong>9,</strong></span> <span class='ocrx_word' id='word_1_253' title='bbox 421 2729 450 2792; x_wconf 78' lang='lat' dir='ltr'><strong>i.</strong></span> <span class='ocrx_word' id='word_1_254' title='bbox 474 2766 516 2774; x_wconf 91' lang='lat'><em>-</em></span> <span class='ocrx_word' id='word_1_255' title='bbox 539 2732 579 2792; x_wconf 92' lang='lat' dir='ltr'><strong>lb.</strong></span> <span class='ocrx_word' id='word_1_256' title='bbox 599 2730 620 2794; x_wconf 83' lang='lat'><strong>3</strong></span> <span class='ocrx_word' id='word_1_257' title='bbox 643 2732 888 2812; x_wconf 85' lang='lat' dir='ltr'><strong>Eugelhreohtius</strong></span> <span class='ocrx_word' id='word_1_258' title='bbox 913 2729 1026 2794; x_wconf 70' lang='lat' dir='ltr'><strong>‘Beitr’</strong></span> <span class='ocrx_word' id='word_1_259' title='bbox 1044 2752 1072 2812; x_wconf 92' lang='lat' dir='ltr'><strong>p.</strong></span> <span class='ocrx_word' id='word_1_260' title='bbox 1095 2731 1134 2794; x_wconf 88' lang='lat'><strong>13</strong></span> 
     </span>
     <span class='ocr_line' id='line_1_29' title="bbox 121 2820 1134 2901; baseline 0.001 -21"><span class='ocrx_word' id='word_1_261' title='bbox 121 2820 312 2895; x_wconf 66' lang='lat' dir='ltr'><strong>foetentibus</strong></span> <span class='ocrx_word' id='word_1_262' title='bbox 336 2827 508 2899; x_wconf 90' lang='lat' dir='ltr'><strong>corruptum</strong></span> <span class='ocrx_word' id='word_1_263' title='bbox 531 2827 561 2881; x_wconf 87' lang='lat' dir='ltr'><strong>et</strong></span> <span class='ocrx_word' id='word_1_264' title='bbox 580 2825 743 2883; x_wconf 78' lang='lat' dir='ltr'><strong>otiantibus</strong></span> <span class='ocrx_word' id='word_1_265' title='bbox 762 2822 807 2883; x_wconf 87' lang='lat' dir='ltr'><strong>vel</strong></span> <span class='ocrx_word' id='word_1_266' title='bbox 829 2821 940 2901; x_wconf 90' lang='lat' dir='ltr'><strong>aliquid</strong></span> <span class='ocrx_word' id='word_1_267' title='bbox 958 2821 1016 2882; x_wconf 87' lang='lat' dir='ltr'><strong>tale</strong></span> <span class='ocrx_word' id='word_1_268' title='bbox 1035 2821 1134 2900; x_wconf 85' lang='lat' dir='ltr'><strong>legeu-</strong></span> 
     </span>
     <span class='ocr_line' id='line_1_30' title="bbox 125 2907 1133 2990; baseline 0.003 -22"><span class='ocrx_word' id='word_1_269' title='bbox 125 2907 197 2968; x_wconf 91' lang='lat' dir='ltr'><strong>dum</strong></span> <span class='ocrx_word' id='word_1_270' title='bbox 220 2926 286 2968; x_wconf 88' lang='lat' dir='ltr'><strong>esse</strong></span> <span class='ocrx_word' id='word_1_271' title='bbox 311 2915 425 2989; x_wconf 71' lang='lat' dir='ltr'><strong>censet,</strong></span> <span class='ocrx_word' id='word_1_272' title='bbox 454 2916 483 2969; x_wconf 95' lang='lat' dir='ltr'><strong>et</strong></span> <span class='ocrx_word' id='word_1_273' title='bbox 511 2909 595 2970; x_wconf 84' lang='lat' dir='ltr'><strong>facile</strong></span> <span class='ocrx_word' id='word_1_274' title='bbox 620 2917 699 2970; x_wconf 90' lang='lat' dir='ltr'><strong>esset</strong></span> <span class='ocrx_word' id='word_1_275' title='bbox 726 2929 780 2990; x_wconf 94' lang='lat' dir='ltr'><strong>pro</strong></span> <span class='ocrx_word' id='word_1_276' title='bbox 805 2910 995 2986; x_wconf 69' lang='lat' dir='ltr'><strong>foetentibus</strong></span> <span class='ocrx_word' id='word_1_277' title='bbox 1023 2929 1133 2988; x_wconf 89' lang='lat' dir='ltr'><strong>ponere</strong></span> 
     </span>
     <span class='ocr_line' id='line_1_31' title="bbox 125 2989 1134 3080; baseline 0.001 -23"><span class='ocrx_word' id='word_1_278' title='bbox 125 2999 242 3058; x_wconf 79' lang='lat' dir='ltr'><strong>ciuibus</strong></span> <span class='ocrx_word' id='word_1_279' title='bbox 262 2989 312 3079; x_wconf 84' lang='lat' dir='ltr'><strong>(cl.</strong></span> <span class='ocrx_word' id='word_1_280' title='bbox 333 2996 352 3073; x_wconf 65' lang='grc' dir='ltr'>ἓ</span> <span class='ocrx_word' id='word_1_281' title='bbox 372 2996 392 3057; x_wconf 86' lang='grc'><em>2</em></span> <span class='ocrx_word' id='word_1_282' title='bbox 416 3001 495 3060; x_wconf 81' lang='lat' dir='ltr'><strong>ciues</strong></span> <span class='ocrx_word' id='word_1_283' title='bbox 515 3033 557 3042; x_wconf 90' lang='lat'><em>-</em></span> <span class='ocrx_word' id='word_1_284' title='bbox 577 3001 750 3080; x_wconf 84' lang='lat' dir='ltr'><strong>burburus),</strong></span> <span class='ocrx_word' id='word_1_285' title='bbox 774 2999 825 3059; x_wconf 91' lang='lat' dir='ltr'><strong>sed</strong></span> <span class='ocrx_word' id='word_1_286' title='bbox 844 3017 909 3058; x_wconf 89' lang='lat' dir='ltr'><strong>mea</strong></span> <span class='ocrx_word' id='word_1_287' title='bbox 929 2999 1048 3078; x_wconf 89' lang='lat' dir='ltr'><strong>quidem</strong></span> <span class='ocrx_word' id='word_1_288' title='bbox 1068 3017 1134 3059; x_wconf 90' lang='lat' dir='ltr'><strong>sen-</strong></span> 
     </span>
     <span class='ocr_line' id='line_1_32' title="bbox 123 3085 1134 3169; baseline 0.003 -23"><span class='ocrx_word' id='word_1_289' title='bbox 123 3087 217 3146; x_wconf 82' lang='lat' dir='ltr'><strong>tentia</strong></span> <span class='ocrx_word' id='word_1_290' title='bbox 241 3085 315 3145; x_wconf 94' lang='lat' dir='ltr'><strong>uihil</strong></span> <span class='ocrx_word' id='word_1_291' title='bbox 337 3086 512 3147; x_wconf 89' lang='lat' dir='ltr'><strong>mutandum</strong></span> <span class='ocrx_word' id='word_1_292' title='bbox 540 3094 592 3148; x_wconf 91' lang='lat' dir='ltr'><strong>est.</strong></span> <span class='ocrx_word' id='word_1_293' title='bbox 618 3123 659 3131; x_wconf 93' lang='lat'>-</span> <span class='ocrx_word' id='word_1_294' title='bbox 683 3086 806 3168; x_wconf 77' lang='lat'><strong>11‚2,3</strong></span> <span class='ocrx_word' id='word_1_295' title='bbox 834 3106 894 3147; x_wconf 88' lang='lat' dir='ltr'><strong>non</strong></span> <span class='ocrx_word' id='word_1_296' title='bbox 918 3087 1033 3169; x_wconf 88' lang='lat' dir='ltr'><strong>dubito,</strong></span> <span class='ocrx_word' id='word_1_297' title='bbox 1062 3091 1134 3168; x_wconf 92' lang='lat' dir='ltr'><strong>quiu</strong></span> 
     </span>
     <span class='ocr_line' id='line_1_33' title="bbox 124 3174 1132 3256; baseline 0.004 -22"><span class='ocrx_word' id='word_1_298' title='bbox 124 3174 265 3235; x_wconf 89' lang='lat' dir='ltr'><strong>Sidonius</strong></span> <span class='ocrx_word' id='word_1_299' title='bbox 289 3192 392 3234; x_wconf 85' lang='lat' dir='ltr'><strong>revera</strong></span> <span class='ocrx_word' id='word_1_300' title='bbox 414 3195 489 3237; x_wconf 81' lang='lat' dir='ltr'><strong>saue</strong></span> <span class='ocrx_word' id='word_1_301' title='bbox 511 3180 540 3237; x_wconf 83' lang='lat' dir='ltr'><strong>si</strong></span> <span class='ocrx_word' id='word_1_302' title='bbox 558 3181 705 3254; x_wconf 79' lang='lat' dir='ltr'><strong>placitum</strong></span> <span class='ocrx_word' id='word_1_303' title='bbox 729 3178 891 3256; x_wconf 87' lang='lat' dir='ltr'><strong>scripserit.</strong></span> <span class='ocrx_word' id='word_1_304' title='bbox 939 3176 1030 3238; x_wconf 89' lang='lat' dir='ltr'><strong>Cuius</strong></span> <span class='ocrx_word' id='word_1_305' title='bbox 1053 3177 1132 3238; x_wconf 86' lang='lat' dir='ltr'><strong>locu·</strong></span> 
     </span>
     <span class='ocr_line' id='line_1_34' title="bbox 123 3262 1133 3348; baseline 0.003 -25"><span class='ocrx_word' id='word_1_306' title='bbox 123 3265 215 3323; x_wconf 85' lang='lat' dir='ltr'><strong>tionis</strong></span> <span class='ocrx_word' id='word_1_307' title='bbox 239 3265 295 3323; x_wconf 91' lang='lat' dir='ltr'><strong>etsi</strong></span> <span class='ocrx_word' id='word_1_308' title='bbox 318 3262 433 3324; x_wconf 88' lang='lat' dir='ltr'><strong>nullum</strong></span> <span class='ocrx_word' id='word_1_309' title='bbox 456 3283 578 3343; x_wconf 91' lang='lat' dir='ltr'><strong>prorsus</strong></span> <span class='ocrx_word' id='word_1_310' title='bbox 603 3266 699 3327; x_wconf 90' lang='lat' dir='ltr'><strong>simile</strong></span> <span class='ocrx_word' id='word_1_311' title='bbox 718 3264 884 3345; x_wconf 82' lang='lat' dir='ltr'><strong>exemplum</strong></span> <span class='ocrx_word' id='word_1_312' title='bbox 903 3268 1011 3348; x_wconf 88' lang='lat' dir='ltr'><strong>iuveni,</strong></span> <span class='ocrx_word' id='word_1_313' title='bbox 1034 3275 1133 3328; x_wconf 86' lang='lat' dir='ltr'><strong>tamen</strong></span> 
     </span>
     <span class='ocr_line' id='line_1_35' title="bbox 125 3355 1134 3435; baseline 0.003 -23"><span class='ocrx_word' id='word_1_314' title='bbox 125 3370 212 3431; x_wconf 91' lang='lat' dir='ltr'><strong>saepe</strong></span> <span class='ocrx_word' id='word_1_315' title='bbox 228 3357 378 3429; x_wconf 78' lang='lat' dir='ltr'><strong>placitum</strong></span> <span class='ocrx_word' id='word_1_316' title='bbox 396 3372 460 3415; x_wconf 87' lang='lat' dir='ltr'><strong>esse</strong></span> <span class='ocrx_word' id='word_1_317' title='bbox 473 3372 527 3432; x_wconf 92' lang='lat' dir='ltr'><strong>pro</strong></span> <span class='ocrx_word' id='word_1_318' title='bbox 541 3355 687 3415; x_wconf 88' lang='lat' dir='ltr'><strong>intinitivo</strong></span> <span class='ocrx_word' id='word_1_319' title='bbox 703 3358 868 3435; x_wconf 89' lang='lat' dir='ltr'><strong>praesentis</strong></span> <span class='ocrx_word' id='word_1_320' title='bbox 883 3358 1022 3434; x_wconf 92' lang='lat' dir='ltr'><strong>usurpari</strong></span> <span class='ocrx_word' id='word_1_321' title='bbox 1039 3355 1134 3435; x_wconf 89' lang='lat' dir='ltr'><strong>video,</strong></span> 
     </span>
     <span class='ocr_line' id='line_1_36' title="bbox 125 3441 1133 3525; baseline 0.003 -24"><span class='ocrx_word' id='word_1_322' title='bbox 125 3449 158 3501; x_wconf 90' lang='lat' dir='ltr'><strong>ut</strong></span> <span class='ocrx_word' id='word_1_323' title='bbox 186 3441 263 3520; x_wconf 90' lang='lat' dir='ltr'><strong>apud</strong></span> <span class='ocrx_word' id='word_1_324' title='bbox 287 3441 432 3502; x_wconf 84' lang='lat' dir='ltr'><strong>Hilarium</strong></span> <span class='ocrx_word' id='word_1_325' title='bbox 456 3441 473 3501; x_wconf 96' lang='lat' dir='ltr'><strong>l.</strong></span> <span class='ocrx_word' id='word_1_326' title='bbox 493 3442 510 3502; x_wconf 91' lang='lat' dir='ltr'><strong>l.</strong></span> <span class='ocrx_word' id='word_1_327' title='bbox 530 3461 557 3522; x_wconf 93' lang='lat' dir='ltr'><strong>p.</strong></span> <span class='ocrx_word' id='word_1_328' title='bbox 579 3441 651 3525; x_wconf 79' lang='lat'><strong>228,</strong></span> <span class='ocrx_word' id='word_1_329' title='bbox 671 3442 691 3504; x_wconf 87' lang='lat'><strong>3</strong></span> <span class='ocrx_word' id='word_1_330' title='bbox 718 3448 794 3505; x_wconf 79' lang='lat' dir='ltr'><strong>sciet</strong></span> <span class='ocrx_word' id='word_1_331' title='bbox 820 3447 877 3506; x_wconf 81' lang='lat' dir='ltr'><strong>boc</strong></span> <span class='ocrx_word' id='word_1_332' title='bbox 905 3448 960 3506; x_wconf 82' lang='lat' dir='ltr'><strong>deo</strong></span> <span class='ocrx_word' id='word_1_333' title='bbox 985 3449 1133 3522; x_wconf 82' lang='lat' dir='ltr'><strong>placitum</strong></span> 
     </span>
     <span class='ocr_line' id='line_1_37' title="bbox 124 3527 1132 3612; baseline 0.003 -22"><span class='ocrx_word' id='word_1_334' title='bbox 124 3549 205 3600; x_wconf 87' lang='lat' dir='ltr'><strong>esse;</strong></span> <span class='ocrx_word' id='word_1_335' title='bbox 236 3527 435 3612; x_wconf 80' lang='lat' dir='ltr'><strong>ib.324,15</strong></span> <span class='ocrx_word' id='word_1_336' title='bbox 464 3549 532 3592; x_wconf 88' lang='lat' dir='ltr'><strong>cum</strong></span> <span class='ocrx_word' id='word_1_337' title='bbox 565 3535 620 3594; x_wconf 82' lang='lat' dir='ltr'><strong>deo</strong></span> <span class='ocrx_word' id='word_1_338' title='bbox 654 3541 765 3596; x_wconf 84' lang='lat' dir='ltr'><strong>cuncte</strong></span> <span class='ocrx_word' id='word_1_339' title='bbox 797 3537 858 3594; x_wconf 79' lang='lat' dir='ltr'><strong>sint</strong></span> <span class='ocrx_word' id='word_1_340' title='bbox 885 3537 1023 3610; x_wconf 83' lang='lat' dir='ltr'><strong>placito;</strong></span> <span class='ocrx_word' id='word_1_341' title='bbox 1055 3533 1132 3612; x_wconf 88' lang='lat' dir='ltr'><strong>apud</strong></span> 
     </span>
     <span class='ocr_line' id='line_1_38' title="bbox 124 3617 1131 3701; baseline 0.002 -23"><span class='ocrx_word' id='word_1_342' title='bbox 124 3617 209 3698; x_wconf 83' lang='lat' dir='ltr'><strong>Greg.</strong></span> <span class='ocrx_word' id='word_1_343' title='bbox 233 3618 342 3680; x_wconf 82' lang='lat' dir='ltr'><strong>Turon.</strong></span> <span class='ocrx_word' id='word_1_344' title='bbox 365 3619 393 3679; x_wconf 95' lang='lat' dir='ltr'><strong>h.</strong></span> <span class='ocrx_word' id='word_1_345' title='bbox 418 3618 465 3680; x_wconf 86' lang='lat' dir='ltr'><strong>Fr.</strong></span> <span class='ocrx_word' id='word_1_346' title='bbox 488 3618 580 3701; x_wconf 79' lang='lat'><em>111‚2</em></span> <span class='ocrx_word' id='word_1_347' title='bbox 610 3625 690 3683; x_wconf 80' lang='lat' dir='ltr'><strong>sicut</strong></span> <span class='ocrx_word' id='word_1_348' title='bbox 719 3625 777 3682; x_wconf 80' lang='lat' dir='ltr'><strong>tibi</strong></span> <span class='ocrx_word' id='word_1_349' title='bbox 799 3626 947 3698; x_wconf 80' lang='lat' dir='ltr'><strong>placitum</strong></span> <span class='ocrx_word' id='word_1_350' title='bbox 971 3620 1070 3696; x_wconf 81' lang='lat' dir='ltr'><strong>fuerit</strong></span> <span class='ocrx_word' id='word_1_351' title='bbox 1097 3620 1131 3681; x_wconf 91' lang='lat' dir='ltr'><strong>al.</strong></span> 
     </span>
    </p>
   </div>
   <div class='ocr_carea' id='block_1_3' title="bbox 0 0 1312 4030">
    <p class='ocr_par' dir='ltr' id='par_1_3' title="bbox 0 0 1312 4030">
     <span class='ocr_line' id='line_1_39' title="bbox 0 0 1312 4030; baseline 0 2"><span class='ocrx_word' id='word_1_352' title='bbox 0 0 1312 4030; x_wconf 95' lang='lat' dir='ltr'><strong> </strong></span> 
     </span>
    </p>
   </div>
  </div>
 </body>
</html>
