2628 4034
528 221 679 278 CARMEN
697 221 743 278 IX.

288 377 416 449 stragem
440 388 495 431 nec
518 371 748 432 Trasimenicam
772 370 921 456 loquatur,

288 459 395 519 iratres
419 459 571 538 Scipiadas
593 465 678 537 putet
702 458 846 541 silendos,

287 567 362 627 quos
385 548 572 609 Tartesiacus
595 555 724 609 retentat
746 548 841 630 orbis,

216 646 267 697 260
286 636 429 698 Eufraten
451 642 546 698 taceat
569 636 644 697 male
668 639 844 717 appetitum,

287 724 462 787 Crassorum
486 734 515 787 et
538 726 670 787 madidas
694 744 799 787 cruore
823 725 951 787 Carrhas

285 815 332 875 vel
356 833 443 894 quos,
467 815 619 895 Spartace,
643 815 797 876 consulum
821 815 937 876 solebas

286 905 402 964 victrici
425 903 537 983 gladios
561 906 663 982 fugare
688 906 764 984 sica,

286 987 384 1072 ip'sum
407 1011 463 1053 nec
486 992 554 1053 fleat
577 993 625 1052 ille
649 993 716 1072 plus
740 990 883 1072 duellum,

214 1092 267 1142 255
287 1082 366 1160 quod
389 1089 456 1161 post
479 1080 626 1143 Cimbrica
649 1081 786 1143 turbidus
810 1081 951 1159 trophaea

286 1177 316 1230 et
338 1172 468 1231 vinctum
493 1170 702 1231 Nasamonium
726 1169 910 1251 lugurtham,

285 1258 355 1320 dum
379 1261 494 1339 quaerit
516 1259 747 1320 Mithridaticum
770 1259 968 1341 triumphum,

284 1349 409 1427 Arpinas
432 1347 525 1408 voluit
547 1367 665 1409 morere
689 1348 793 1428 Syllae.

329 1435 395 1496 Non
418 1436 587 1498 Gaetulicus
610 1438 659 1498 hic
681 1437 736 1497 tibi
759 1437 886 1516 legetur,

216 1539 268 1588 260
287 1543 346 1586 non
370 1526 498 1606 MarsuS,
521 1525 613 1607 Pedo,
637 1525 742 1607 Silius,
765 1523 913 1606 Tibullus,

283 1633 344 1675 non
367 1614 445 1694 quod
469 1615 616 1694 Sulpiciae
639 1617 722 1676 iocus
745 1613 864 1675 Thaliae

284 1706 404 1783 scripsit
426 1703 650 1783 blandiloquum
674 1723 727 1764 suo
751 1702 872 1783 Caleno,

282 1811 342 1852 non
365 1792 450 1854 Persi
472 1795 554 1872 rigor
577 1800 627 1854 aut
649 1793 732 1871 lepos
755 1792 905 1872 Properti,

284 1881 335 1940 sed
359 1900 414 1942 nec
438 1885 613 1942 centimeter
636 1882 840 1943 Terentianus.

212 1983 263 2032 coo
282 1987 343 2030 non
366 1969 496 2032 Lucilius
519 1971 568 2032 hic
591 1969 806 2049 Lucretiusque
831 1977 889 2050 est,

281 2076 341 2118 non
364 2058 496 2140 TurnuS,
519 2059 644 2141 Memor,
667 2059 793 2141 EnniuS,
816 2056 961 2137 CatulluS,

283 2146 373 2207 Stella
397 2155 426 2208 et
449 2147 610 2226 Septimius
633 2148 849 2227 Petroniusque

283 2242 332 2296 aut
356 2235 478 2296 mordax
503 2238 566 2297 sine
591 2238 648 2297 line
672 2237 828 2318 MartialiS,

281 2342 340 2384 non
364 2327 415 2403 qui
438 2332 571 2403 tempore
595 2324 730 2386 Caesaris
753 2327 876 2387 secundi

211 2425 264 2474 270
283 2421 403 2474 aeterno
426 2413 551 2474 incoluit
573 2414 680 2474 Tomos
704 2422 801 2494 reatu,

280 2520 336 2562 nac
360 2505 411 2581 qui
435 2502 582 2563 consimili
606 2503 712 2563 deiude
736 2521 807 2564 casu

281 2591 316 2650 ad
340 2591 419 2670 vulgi
441 2598 561 2652 tenuem
585 2593 746 2670 strepentis
770 2608 871 2651 auram

281 2681 349 2740 irati
371 2681 427 2741 suit
449 2681 603 2741 histrionis
627 2680 707 2761 exul,

276 2785 336 2828 non
359 2768 511 2830 Pelusiaco
535 2777 616 2831 satus
640 2769 772 2849 Canopo,

210 2868 261 2917 275
281 2859 333 2935 qui
356 2857 519 2937 ferruginei
541 2866 623 2919 toros
646 2859 746 2918 mariti

279 2953 309 3006 et
331 2946 414 3007 Musa
438 2949 516 3007 canit
538 2947 650 3007 inferos
675 2963 816 3025 superna,

279 3052 335 3094 nec
359 3037 410 3114 qui
434 3038 492 3095 iam
515 3035 649 3114 patribus
672 3036 755 3096 luere
779 3035 890 3094 nostris

278 3125 376 3201 primo
398 3131 531 3203 tempore
555 3127 676 3186 maximi
699 3123 828 3203 sodaleS,

136 3290 137 3296 ἵ
279 3231 405 3290 quorum
427 3232 506 3274 unus
528 3213 707 3275 Bonifatium
731 3220 850 3273 secutus

208 3313 260 3362 280
280 3319 335 3362 neo
358 3320 418 3362 non
441 3305 635 3382 praecipitem
658 3301 864 3363 Sebastianum

189 3510 240 3561 265
260 3524 298 3562 aa
311 3506 459 3576 turgidus?
474 3511 549 3579 [1256
566 3508 670 3564 victum
684 3507 833 3563 Buecheler
846 3510 855 3575 ΙΙ
870 3511 921 3562 260
937 3503 1021 3560 Silius
1035 3506 1132 3578 oulpo;

117 3574 215 3631 silvius
235 3579 310 3634 codd.
326 3581 400 3650 11265
421 3581 465 3634 est
483 3581 562 3636 malit
579 3581 664 3637 delere
682 3580 880 3649 Iacetjoboool
