2628 4034
188 205 253 268 276
580 199 732 258 CARMEN
751 201 810 255 VII.

322 325 444 413 Arctoas
468 353 545 412 sueti
568 350 697 412 lambere
722 351 801 412 calce
824 359 913 412 rotas.

257 440 422 502 Enceladus
445 444 522 521 patri
545 443 635 502 iacuit
658 441 801 519 fratrique
816 440 987 520 Typhoeus:
1303 513 1304 520 ἵ

322 530 482 592 Euboicam
505 531 553 590 hic
576 548 681 609 rupem
705 532 845 610 sustinet,
868 530 917 590 hic
940 526 1091 591 Siculam?

256 621 325 680 hinc
349 638 414 681 sese
438 619 474 679 ad
497 626 589 680 totam
612 621 793 697 genetricem
816 618 968 680 transtulit
990 618 1130 699 Orpheus

203 721 237 770 30
322 716 352 769 et
375 708 476 769 docuit
499 707 623 768 chordas
648 708 747 768 dicere
771 707 941 786 Calliopam.

258 803 486 859 assurrexerunt
508 797 609 857 Musae
632 794 687 858 sub
711 795 796 857 laude
821 787 932 856 sorori's

324 894 354 947 et
376 886 487 966 placuit
510 885 593 945 divae
618 887 749 946 carmine
772 884 839 964 plus
862 888 965 965 pietas.

258 976 336 1054 quod
361 978 387 1036 si
410 982 559 1035 maternas
582 973 684 1034 laudes
708 981 842 1035 cantasse
866 974 958 1035 lavori
983 982 1029 1035 est

324 1083 380 1125 nec
402 1063 485 1124 valeo
509 1065 623 1143 priscas
647 1065 840 1142 aequiperare
864 1063 953 1144 fides,

206 1166 238 1214 ao
258 1153 395 1233 publicus
417 1153 467 1212 hic
489 1159 573 1231 pater
597 1159 651 1233 est,
674 1154 740 1212 vovi
763 1154 812 1212 cui
835 1170 969 1233 carmen,
992 1152 1110 1213 Avitus:

325 1243 449 1302 materia
472 1248 519 1301 est
541 1243 648 1321 maior,
672 1244 698 1302 si
721 1240 795 1301 mihi
817 1241 900 1302 lllusa
923 1243 1028 1301 minor.

661 1466 733 1532 VII.

568 1587 832 1644 PANEGYRICUS.

326 1702 460 1785 Phoebe,
482 1710 637 1783 peragrato
661 1702 779 1762 tandem
803 1705 922 1764 visurus
945 1705 977 1763 in
1000 1701 1084 1782 orbe,

283 1811 372 1871 quem
394 1795 492 1872 possis
514 1792 648 1871 perferre
671 1810 787 1873 parem,
810 1792 847 1852 da
870 1791 981 1853 lumina
1005 1790 1097 1852 caelo:

283 1882 393 1942 suflicit
416 1882 464 1942 hic
487 1884 585 1942 terris.
632 1899 687 1941 nec
711 1899 743 1940 se
766 1883 825 1941 iam
848 1882 972 1960 signifer
994 1882 1083 1940 astris

281 1973 382 2052 iactet,
404 1971 595 2031 Marmaricus
620 1987 708 2048 quem
731 1973 842 2031 vertice
866 1972 993 2031 conterit
1015 1969 1132 2032 Atlans:

249 2060 381 2120 asidera
405 2068 475 2120 sunt
498 2061 555 2119 isti.
602 2076 677 2137 quae
702 2060 780 2119 sicut
801 2077 899 2120 mersa
922 2061 1084 2139 nitescunt,

282 2149 413 2208 adversis
437 2151 480 2208 sic
503 2146 595 2207 Roma
617 2149 719 2228 micat,
742 2149 791 2208 cui
814 2149 891 2210 fixus
914 2147 950 2209 ab
974 2156 1041 2208 ortu

282 2236 354 2296 ordo
379 2237 434 2297 luit
457 2237 585 2296 crevisse
608 2234 702 2296 malis.
748 2236 835 2297 modo
859 2239 993 2317 principe
1018 2242 1120 2314 surget

283 2325 419 2407 consule3
443 2343 562 2405 nempe,
584 2332 698 2406 patres,
722 2325 842 2386 collatos
866 2345 989 2387 cernere
1013 2327 1108 2386 lasces

282 2432 334 2474 vos
357 2416 437 2476 iuvat
459 2421 489 2475 et
513 2416 622 2474 sociam
646 2417 772 2493 sceptris
795 2415 952 2476 mandasse
976 2415 1123 2475 curulem:

232 2516 264 2564 10
283 2503 407 2585 credite,
430 2503 498 2582 plus
521 2502 644 2563 dabitis:
669 2521 783 2564 currus.
829 2506 888 2564 iam
911 2511 996 2565 necte
1021 2503 1184 2586 bifrontes,

283 2611 390 2672 anceps
413 2592 494 2673 lane,
518 2610 616 2653 comas
640 2591 809 2671 duplicique
833 2595 986 2672 accingere
1010 2594 1102 2654 lauro.

281 2683 426 2760 principis
450 2684 593 2762 anterior,
616 2683 676 2741 iam
698 2681 828 2742 consulis
852 2683 908 2742 iste
932 2689 1068 2742 coruscat

283 2789 391 2852 annus,
414 2777 444 2831 et
467 2772 589 2830 emerita
611 2769 722 2830 trabeis
746 2770 909 2831 diademata
933 2777 1079 2831 crescunt.

284 2862 433 2920 incassum
457 2861 528 2940 iam,
551 2859 646 2940 Musa,
669 2877 772 2939 paves,
795 2860 874 2939 quod
897 2858 1029 2939 propulit
1051 2859 1159 2919 Auster

233 2961 264 3008 15
283 2948 346 3009 vela
369 2951 442 3009 ratis
465 2955 596 3028 nostrae3
619 2946 722 3027 pelago
746 2951 815 3027 quia
838 2967 960 3009 currere
984 2949 1078 3009 lamae

284 3040 449 3118 coepimus,
472 3055 510 3096 en
534 3036 630 3117 sidus,
653 3037 732 3116 quod
756 3055 810 3098 nos
833 3055 887 3117 per
911 3037 1028 3098 caerula
1053 3043 1157 3097 servet.

329 3125 416 3186 Forte
440 3134 524 3204 pater
548 3143 690 3205 superum
712 3127 865 3205 prospexit
890 3126 925 3188 ab
950 3126 1075 3187 aethere
1098 3132 1206 3186 terras:

286 3234 355 3276 ecce
379 3217 473 3295 viget,
497 3215 703 3294 quodcumque
727 3214 819 3297 videt3
843 3215 987 3276 mundum
1010 3232 1163 3293 reparasse

287 3306 437 3382 aspexisse
461 3305 529 3385 fuit3
553 3303 634 3364 solus
657 3304 736 3364 fovet
759 3307 856 3364 omnia
879 3312 978 3366 nutus

270 3491 309 3546 VI
328 3499 362 3546 26
382 3492 444 3573 apsi
461 3493 503 3548 ccl
521 3490 577 3545 nisi
599 3493 679 3547 malit
696 3492 895 3574 Iatctjobacmq
914 3497 948 3547 30
967 3491 1062 3546 decuit
1080 3491 1118 3545 M
1121 3491 1208 3547 PTF

201 3562 209 3632 ll
228 3561 280 3615 VII
300 3567 314 3614 7
335 3565 426 3632 surgit
443 3564 481 3617 M
499 3566 509 3632 ΙΙ
532 3567 565 3616 13
584 3579 634 3617 om.
650 3563 688 3616 M
706 3565 715 3632 ΙΙ
738 3568 772 3616 14
790 3563 910 3632 protuht
928 3563 964 3617 M
985 3567 995 3634 l
