2628 4034
168 175 235 240 324
556 176 709 232 GARMEN
726 176 799 232 XVI.

258 326 367 403 quique
392 326 481 385 etiam
505 326 599 385 iustos
623 325 658 386 ad
682 332 800 406 tempus
824 344 945 404 surgere
969 333 1071 388 tecum

205 426 238 476 65
258 415 373 474 iussisti
395 415 525 494 eineres,
549 433 615 475 cum
638 417 726 475 teotis
749 421 883 495 tempore
906 415 994 494 longo

258 505 367 582 irrupit
389 503 496 563 festina
519 503 598 564 salus
621 503 778 582 infusaque
803 506 910 583 raptim

258 593 390 653 excussit
412 591 535 652 tumulis
559 591 698 653 solidatas
722 595 781 653 rita
803 592 929 653 favillas:

258 680 294 740 da
315 679 456 742 Faustum
478 681 597 741 laudare
620 688 718 762 tuum,
741 681 778 742 da
801 681 915 742 solvere
939 689 1051 762 grates,

258 788 330 848 quas
354 776 473 850 etpost
496 768 604 831 debere
628 772 716 831 iuvat.
757 778 799 846 te,
819 789 924 850 magne
948 770 1103 852 sacerdos,

206 871 238 919 ‘10
257 858 391 919 barbitus
415 859 463 919 hio
486 866 589 918 noster
611 858 724 938 plectro
749 859 818 921 licet
840 862 952 939 impare
977 866 1084 920 cantat.

302 947 381 1008 Haec
405 950 496 1026 igitur
518 949 614 1027 prima
638 954 683 1009 est
706 948 752 1008 vel
776 967 863 1009 causa
886 947 933 1008 vel
957 950 1033 1008 actio
1053 948 1196 1030 laudum,

260 1037 338 1116 quod
362 1037 436 1097 mihi
459 1038 608 1118 germani,
631 1036 702 1097 dum
725 1036 838 1098 lubrica
861 1037 988 1098 volvitur
1011 1045 1105 1118 aetas,

260 1133 396 1187 servatus
420 1132 518 1186 tecum
542 1125 654 1185 domini
676 1144 730 1204 per
753 1125 829 1186 dona
852 1124 995 1206 probatur

261 1233 316 1275 nec
339 1216 415 1275 lama
439 1213 587 1274 titubante
610 1213 719 1295 pudor3
742 1222 772 1276 te
795 1217 919 1294 respicit
941 1215 1020 1275 istud

209 1314 241 1364 75
262 1311 534 1383 quantumcumque
556 1302 681 1384 bonum;
704 1322 820 1364 merces
843 1302 999 1364 debebitur
1022 1302 1079 1383 illi,

262 1392 312 1453 ille
336 1392 398 1453 tibi.
445 1394 484 1452 sit
507 1391 584 1472 lauS,
609 1395 635 1453 si
657 1391 717 1452 labi
740 1392 847 1474 noluit,
871 1395 951 1472 eius3

264 1500 332 1542 nam
356 1482 435 1560 quod
458 1499 514 1542 nec
536 1483 645 1562 potuit,
668 1489 763 1542 totum
787 1483 822 1543 ad
846 1490 875 1542 te
898 1484 964 1542 iure
987 1481 1145 1542 redundat.

263 1577 420 1651 praeterea
443 1569 522 1650 quod
545 1588 593 1631 me
616 1570 732 1649 pridem
756 1571 845 1631 Reios
868 1573 1017 1651 veniente,

265 1678 332 1721 oum
355 1659 488 1738 Procyon
512 1659 637 1739 fureret,
660 1678 727 1720 eum
754 1659 824 1719 solis
848 1659 979 1719 torridus
1002 1661 1079 1737 iguis

212 1759 246 1808 80
265 1748 413 1810 flexilibus
437 1750 522 1809 rimis
546 1750 681 1808 sitientes
705 1747 850 1809 scriberet
872 1766 974 1829 agros,

263 1839 380 1918 hospite
403 1844 433 1897 te
456 1844 574 1897 nostros
598 1839 714 1915 excepit
737 1839 872 1916 protinus
896 1844 995 1898 aestus

262 1946 335 2007 pax,
358 1927 477 2006 domus,
500 1925 614 2006 umbra,
636 1923 723 2006 latex,
746 1925 923 2006 benedictio,
946 1942 1057 2006 mensa,
1081 1925 1194 1989 cubile.

263 2015 400 2076 omnibus
424 2021 552 2075 attamen
575 2015 622 2074 his
646 2020 692 2074 sat
715 2022 858 2095 praestat,
882 2015 961 2093 quod
984 2013 1117 2095 voluisti,

263 2112 296 2165 ut
320 2111 439 2165 sanctae
462 2104 566 2163 matris
590 2110 725 2163 sanctum
748 2122 865 2182 quoque
888 2103 979 2164 limen
1002 2103 1125 2164 adirem.

210 2203 243 2252 85
263 2193 386 2272 dirigui,
410 2192 518 2269 fateor,
540 2192 614 2251 mihi
638 2194 775 2252 conscius
799 2200 886 2271 atque
909 2199 1031 2271 repente

262 2283 352 2342 tinxit
375 2280 547 2341 adorantem
570 2280 675 2359 pavido
699 2284 865 2342 reverentia
888 2280 1013 2362 vultum3

262 2389 318 2431 neo
342 2387 428 2430 secus
451 2370 606 2450 intremui,
631 2388 718 2448 quam
743 2373 769 2430 si
792 2388 839 2431 me
862 2370 939 2430 forte
962 2368 1115 2430 Rebeccae

262 2458 353 2520 lsrael
376 2465 426 2519 aut
449 2457 567 2518 Samuel
591 2460 717 2519 crinitus
741 2459 863 2519 duceret
886 2460 997 2520 itunae.¹

263 2554 443 2627 quapropter
466 2554 494 2607 te
518 2546 564 2607 vel
587 2550 663 2607 votis
689 2549 753 2607 sinc
776 2549 835 2608 fine
859 2548 990 2608 colentes

210 2646 245 2695 90
263 2637 401 2698 allectum
423 2654 562 2715 magnum
585 2655 639 2715 per
664 2639 796 2697 carmina
818 2655 907 2716 parva
930 2637 1064 2697 fatemur.

308 2725 367 2786 Seu
389 2733 419 2785 te
442 2725 607 2785 flammatae
631 2725 732 2804 Syrtes
756 2733 786 2785 et
808 2726 955 2805 inhospita
979 2733 1083 2803 tesqua

264 2833 317 2875 seu
340 2833 430 2875 caeno
453 2814 599 2875 viridante
621 2813 706 2894 palus
731 2833 784 2874 seu
806 2817 890 2894 nigra
913 2833 1034 2875 recessu

264 2903 407 2964 incultum
430 2920 513 2981 mage
538 2921 606 2963 saxa
629 2909 745 2978 tenent,
769 2903 821 2963 ubi
844 2903 905 2964 sole
929 2909 1042 2964 remoto

264 3010 389 3052 concava
411 2990 567 3070 longaevas
590 2999 742 3053 asservant
765 3000 849 3053 antra
871 2991 1025 3072 tenebras;

213 3093 246 3142 95
267 3099 319 3141 seu
342 3087 372 3140 te
395 3082 564 3160 praeruptis
588 3088 724 3159 porrecta
747 3083 779 3140 in
802 3080 927 3161 rupibus
947 3081 1028 3161 Alpis

267 3172 434 3230 succinctos
459 3169 555 3249 gelido
579 3168 719 3230 libantem
744 3173 872 3250 caespite
897 3188 1030 3251 somnos,

271 3259 463 3340 anachoreta,
487 3260 589 3319 tremit
616 3252 705 3342 (quae
730 3277 907 3338 quamquam
930 3260 1039 3338 frigora
1062 3267 1172 3343 portet,

249 3397 281 3446 78
300 3391 431 3446 veniente
449 3395 531 3464 culpo
536 3417 547 3462 ;
565 3393 724 3448 venientem
744 3395 820 3449 codd.
835 3397 892 3464 1183
911 3396 946 3462 cf.
969 3395 1100 3466 (hjpriau.
1117 3395 1191 3452 Gall.

175 3479 205 3530 p.
220 3466 286 3532 211,
300 3468 337 3518 12
354 3465 478 3533 (Peipcr)
492 3468 501 3534 ΙΙ
515 3471 548 3518 85
564 3463 674 3534 derigui
688 3464 880 3534 laedebam
898 3467 934 3533 cf.
944 3467 1019 3522 Aott.
1033 3483 1055 3520 c.
1066 3467 1110 3535 II,
1124 3472 1192 3536 390;

178 3534 279 3588 Pacatc'
294 3551 362 3602 pau.
378 3537 437 3603 1911
451 3539 484 3588 93
502 3533 610 3588 inculto
629 3535 780 3590 Mommsen
793 3539 802 3606 ΙΙ
816 3541 850 3591 95
869 3538 1015 3606 porrectae
1035 3537 1087 3592 OT
1098 3540 1107 3608 ss
