2660 4030
174 193 239 258 136
538 190 647 247 LIBER
666 191 813 247 SEXTUS.

172 343 244 405 dum
262 345 346 423 vivit3
365 344 397 403 in
416 359 468 421 spe
487 343 568 401 enim
586 341 681 402 adhuc
700 339 896 402 absolutionis
914 347 970 421 est,
986 344 1037 403 cui
1054 345 1198 422 suppetit

172 451 261 512 posse
285 432 426 493 converti.
471 428 501 490 2.
525 447 600 509 quae
623 431 664 490 sit
685 447 755 490 vero
777 432 891 509 negotii
913 433 961 491 sui
985 432 1092 512 series,
1120 434 1195 510 ipsc

171 524 284 582 rectius
302 527 516 600 praesentanea
534 537 635 579 coram
652 521 821 579 narratione
835 520 1001 598 patefaciet.
1027 538 1096 581 nam
1114 539 1194 600 pru-

173 611 290 671 dentiae
315 611 387 670 satis
410 607 509 670 obviat
529 607 686 687 epistulari
712 607 855 669 formulae
879 606 1010 669 debitam
1033 611 1194 670 concinni-

145 707 263 762 statem
286 697 440 778 plurifario
464 714 601 757 sermone
628 699 791 776 porrigere.
837 715 907 758 sanc
930 699 999 776 quia
1021 698 1193 759 secundum

171 788 219 849 vel
240 786 428 867 negotiare!
450 786 560 847 iudicia
578 793 697 846 terrena
712 785 808 846 solent
824 786 1031 848 huiuscemodi
1048 787 1193 848 homines

171 877 312 938 honestas
340 875 450 936 habere
474 893 592 955 causas,
619 881 652 936 tu
675 893 792 954 quoque
815 883 901 954 potes
923 875 1012 936 buius
1034 875 1193 958 laboriosi,

172 969 229 1028 etsi
256 969 412 1045 impugnas
438 963 607 1044 perfidiam,
638 981 825 1043 propugnare
855 983 1022 1044 personam.
1070 983 1194 1026 memor

172 1057 269 1117 nostri
292 1073 359 1116 esse
383 1054 520 1134 dignare,
543 1052 661 1113 domine
684 1071 768 1132 papa.

643 1277 716 1344 XII.

134 1421 160 1462 ιο
252 1399 419 1458 SIDONIUS
437 1399 582 1457 DOMINO
601 1400 721 1455 PAPAE
739 1399 912 1455 ΡΑΤΙΕΝΤΙ
931 1401 1110 1458 SALUTEM.

241 1515 269 1579 1.
288 1515 401 1595 Aliquis
421 1514 559 1596 aliquem,
577 1533 632 1594 ego
651 1513 735 1575 illum
753 1517 911 1593 praecipue
931 1524 1002 1594 puto
1018 1533 1071 1577 suo
1085 1519 1192 1578 vivere

172 1607 260 1688 bono,
284 1608 336 1685 qui
357 1606 430 1665 vivit
452 1603 549 1664 alieno
573 1605 682 1682 quique
701 1601 834 1664 fidelium
852 1602 1032 1666 calamitates
1051 1605 1192 1684 indigen·

173 1699 303 1775 tiamque
326 1696 485 1754 miseratus
513 1692 584 1753 lacit
605 1694 745 1753 interris
769 1710 857 1771 opera
882 1691 1039 1754 caelorum.
1085 1689 1191 1774 ‘quor-

173 1804 240 1847 sum
259 1779 389 1846 istaec?'
409 1783 517 1860 inquis.
549 1788 579 1841 te
598 1783 655 1841 ista
674 1783 821 1841 sententia
841 1799 928 1860 quam
947 1801 1092 1864 maxume,
1111 1803 1190 1864 papa

132 1894 158 1934 15
172 1875 354 1953 beatissime,
371 1873 456 1951 petit,
474 1872 523 1931 cui
540 1887 601 1931 non
620 1869 731 1930 sufficit
748 1869 807 1930 illis
825 1877 940 1932 tantum
958 1872 1190 1934 necessitatibus

173 1982 260 2043 opem
278 1963 366 2041 ferre,
386 1978 459 2039 quas
473 1961 601 2039 noveris,
620 1960 729 2037 quique
744 1977 839 2038 usque
854 1962 886 2021 in
900 1963 1026 2021 extimos
1039 1963 1188 2022 terminos

173 2052 334 2113 Galliarum
357 2051 488 2110 caritatis
511 2047 617 2126 indage
640 2055 777 2126 porrecta
799 2050 883 2127 prius
903 2048 981 2110 soles
1000 2050 1186 2129 indigentum

172 2143 324 2220 respicere
343 2155 447 2198 causas
465 2154 554 2214 quam
572 2138 721 2215 inspicere
739 2155 892 2215 personas.
923 2136 952 2198 2.
971 2138 1083 2199 nullius
1102 2139 1189 2200 obest

172 2230 310 2290 tenuitati
337 2225 554 2306 debilitatique,
587 2227 613 2285 si
645 2231 674 2285 te
707 2233 846 2306 expetere
877 2245 937 2287 non
964 2230 1067 2307 possit.
1117 2247 1187 2290 nam

133 2343 160 2383 so
172 2318 328 2398 praevenis
351 2313 488 2375 manibus
511 2313 608 2395 illum,
635 2316 688 2393 qui
715 2331 774 2375 non
797 2314 924 2376 valuerit
946 2316 982 2376 ad
1005 2324 1035 2377 te
1059 2317 1187 2396 pedibus

172 2407 337 2488 pervenire.
382 2404 490 2464 transit
518 2405 549 2463 in
576 2402 687 2464 alienas
714 2406 882 2482 provincias
909 2405 1060 2484 vigilantia
1083 2414 1134 2467 tua
1157 2413 1188 2467 et

172 2499 204 2556 in
226 2496 283 2555 hoc
306 2511 394 2555 curae
417 2499 484 2553 tuae
508 2491 632 2553 latitudo
656 2492 840 2574 diffunditur,
862 2501 896 2554 ut
913 2493 1000 2573 longe
1019 2497 1187 2574 positorum

173 2582 343 2646 consoletur
367 2583 530 2662 angustias,
559 2589 588 2642 et
609 2582 680 2643 hinc
703 2583 748 2662 lit,
776 2589 822 2663 ut,
850 2585 920 2661 quia
943 2582 1049 2644 crebro
1072 2590 1101 2644 te
1126 2602 1187 2644 non

171 2676 271 2734 minus
295 2671 450 2732 absentum
473 2671 650 2732 verecundia
674 2689 762 2750 quam
785 2678 976 2751 praesentum
999 2675 1186 2751 querimonia

133 2787 159 2829 rc
173 2769 280 2843 movet,
304 2779 392 2840 saepe
415 2761 539 2820 terseris
563 2778 667 2820 corum
690 2759 837 2841 lacrimas,
860 2778 987 2839 quorum
1006 2761 1107 2822 oculos
1126 2780 1188 2823 non

171 2852 282 2912 vidisti.
328 2848 357 2912 3.
380 2851 483 2909 omitto
514 2848 576 2929 illa,
605 2866 680 2926 qnae
708 2847 816 2909 cotidie
845 2855 967 2928 propter
990 2849 1188 2911 delectionem

172 2943 281 3002 civium
304 2944 534 3018 pauperatorum
557 2938 733 3016 inrequietis
756 2937 865 2998 toleras
889 2937 1023 2998 excubiis
1045 2939 1188 3018 precibus

172 3031 319 3109 expensis.
366 3029 469 3088 omitto
492 3033 522 3087 te
544 3025 597 3086 tali
620 3043 739 3105 semper
762 3044 850 3105 agere
872 3034 1116 3109 temperamento,
1141 3030 1186 3088 sic

173 3136 290 3198 semper
312 3117 487 3196 humanum,
517 3117 561 3176 sic
584 3114 762 3176 abstemium
785 3116 923 3196 iudicari,
946 3123 980 3177 ut
1003 3123 1119 3178 constet
1140 3119 1187 3177 iu-

245 3277 279 3325 14
297 3269 385 3326 istaec
404 3269 445 3339 L,
468 3268 526 3322 ista
543 3269 614 3323 haec
632 3268 667 3323 N
669 3269 706 3323 M
709 3270 745 3338 T,
768 3268 825 3324 ista
845 3269 869 3323 0
891 3269 896 3342 Ι
919 3267 977 3323 ista
995 3269 1031 3338 L,
1049 3287 1098 3325 om.
1119 3269 1193 3324 ΝΜ

175 3343 234 3412 GT,
251 3343 298 3398 scd
316 3345 345 3396 te
362 3344 395 3397 io
412 3358 466 3396 ros.
483 3345 500 3395 5
519 3341 571 3396 litt.
587 3339 652 3410 N¹u
668 3345 700 3394 16
719 3356 808 3408 usque
826 3357 847 3396 s.
867 3342 884 3396 l.
903 3341 968 3396 odd.
988 3341 1044 3409 M¹,
1063 3358 1113 3397 om.
1134 3341 1160 3396 T
1175 3341 1187 3413 ll

173 3419 208 3468 23
226 3414 259 3468 fit
281 3414 450 3480 Wocuocrcu,
467 3410 523 3465 fuit
541 3413 617 3468 codd.
635 3416 646 3480 ΙΙ
664 3416 698 3466 25
716 3413 782 3466 iude
800 3413 835 3466 ob
855 3410 969 3466 terseris
987 3414 1092 3467 euticem
1109 3413 1187 3482 epist.

172 3503 223 3540 orn.
243 3484 308 3539 ΕΝ
315 3484 370 3539 VT
394 3486 404 3553 ιΙ
431 3487 465 3536 26
489 3500 528 3538 on
554 3481 753 3538 refectionem?
782 3483 816 3550 cf.
842 3483 922 3552 (ἔτερ.
944 3482 1010 3538 Tor.
1034 3485 1060 3539 b.
1079 3483 1187 3540 Fracto.

172 3558 217 3625 II,
229 3559 267 3610 24
285 3553 388 3608 famem
406 3569 499 3608 meam
517 3552 670 3608 refectione
688 3569 843 3623 pauperum
862 3553 1032 3624 satiaverisl
