2636 4032
343 212 510 268 SIDONIUS
529 211 671 268 bubicio
691 211 758 268 SUO
779 211 954 268 SALUTEM.
1113 212 1157 277 55

621 427 678 493 IH.

342 550 509 606 SIDONlUS
527 549 671 606 ECDICIO
692 550 759 606 SUO
780 549 958 606 SALUTEM.

211 661 238 726 1.
263 665 295 726 Si
314 664 440 746 quando,
459 683 538 725 nunc
557 683 693 724 maxume
712 663 852 725 Arvernis
872 667 947 725 meis
966 665 1155 747 desideraris,

132 754 250 835 quibus
274 753 394 814 dilectio
417 755 464 814 tui
490 756 618 813 immane
644 753 826 831 dominatur,
854 760 884 814 et
912 753 1031 832 quidem
1055 754 1156 816 multi·

133 842 267 924 plicibus
287 861 323 903 en
343 844 454 903 causis:
476 845 616 923 primum,
635 843 713 922 quod
734 860 863 903 summas
878 845 910 902 in
928 843 1035 904 allecto
1054 852 1154 922 partes

134 936 206 994 iure
231 931 287 992 sibi
311 939 435 1010 usurpat
461 938 541 992 terra
565 950 640 1010 quae
664 934 781 1012 genuit3
815 931 896 1012 dein,
930 931 1007 1010 quod
1036 932 1153 993 saeculo
1181 953 1195 994 5

135 1029 192 1082 tuo
217 1020 296 1081 solus
320 1020 413 1080 ferme
436 1019 607 1081 mortalium
631 1039 672 1100 es,
696 1022 748 1099 qui
770 1022 882 1099 patriae
906 1038 966 1080 non
984 1023 1083 1082 minus
1103 1021 1153 1082 de-

137 1111 247 1172 siderii
273 1111 443 1170 nasciturus
467 1127 556 1188 quam
579 1109 679 1188 gaudii
702 1116 788 1171 natus
812 1109 932 1190 ieceris3
957 1110 1154 1189 astipulantur

135 1201 263 1260 assertis
291 1200 419 1258 materni
447 1198 596 1278 quondam
622 1200 775 1277 puerperii
801 1205 950 1279 tempora,
982 1217 1057 1278 quae
1084 1217 1153 1279 pro-

136 1290 257 1348 ficiente
273 1294 418 1366 conceptu
432 1286 681 1348 concordantibus
698 1289 807 1348 civium
821 1289 897 1347 votis
912 1287 1152 1349 numerabantur.

138 1375 168 1455 2.
195 1378 296 1437 omitto
320 1375 370 1436 illa
394 1378 560 1437 communia
584 1376 713 1456 quidem,
737 1376 789 1437 scd
813 1395 887 1454 quae
911 1394 971 1436 non
992 1377 1154 1438 mediocria
1168 1397 1195 1436 10

138 1467 271 1527 caritatis
305 1467 497 1526 incitamenta
529 1472 612 1546 sunt,
643 1466 730 1525 istius
762 1463 819 1525 tibi
851 1472 980 1544 reptatas
1013 1469 1153 1546 caespitis

137 1553 266 1634 glaebas.
312 1561 466 1633 praetereo
497 1554 575 1633 quod
605 1552 678 1614 baec
707 1555 837 1632 primum
864 1556 997 1632 gramina
1024 1557 1153 1637 incessu,

138 1645 261 1704 flumina
284 1649 399 1723 natatu,
427 1650 534 1704 venatu
556 1661 678 1703 nemora
703 1642 828 1721 fregisti.
875 1645 978 1703 omitto
1002 1644 1080 1722 quod
1104 1645 1153 1705 hic

136 1734 269 1813 primum
292 1731 348 1791 tibi
366 1731 425 1810 pila
443 1750 563 1813 pyrgus,
587 1733 729 1810 accipiter
748 1733 839 1811 canis,
862 1749 957 1810 equus
976 1750 1063 1793 arcus
1082 1732 1152 1793 ludo

137 1823 232 1882 fuere.
276 1823 362 1880 mitto
386 1822 455 1881 istic
478 1820 515 1880 ob
537 1822 661 1900 gratiam
679 1821 825 1899 pueritiae
844 1826 912 1880 tuae
930 1821 1062 1900 undique
1082 1839 1152 1900 gen·
1167 1840 1194 1882 15

136 1913 214 1971 tium
237 1909 416 1970 conduxisse
441 1909 537 1970 studia
560 1909 726 1970 litterarum
749 1916 876 1988 tuaeque
894 1927 1039 1988 personae
1059 1928 1153 1989 quon-

136 1999 207 2060 dam
230 1997 373 2079 debitum,
401 1998 479 2077 quod
503 2000 649 2058 sermonis
673 1997 778 2059 Celtici
806 2016 958 2077 squamam
982 1999 1153 2078 depositura

135 2087 277 2149 nobilitas
310 2105 389 2148 nunc
426 2089 554 2148 oratorio
592 2086 673 2168 stilo,
710 2105 789 2147 nunc
825 2089 914 2148 etiam
947 2087 1153 2149 Camenalibus

135 2176 234 2238 modis
267 2175 462 2237 imbuebatur.
509 2173 539 2238 3.
562 2175 635 2236 illud
663 2178 695 2236 in
723 2183 752 2237 te
783 2176 922 2238 allectum
947 2177 1153 2257 principaliter

136 2267 341 2327 universitatis
366 2264 509 2346 accendit,
537 2265 625 2346 quod,
653 2283 727 2344 quos
752 2265 823 2325 olim
845 2264 966 2327 Latinos
994 2266 1060 2327 ficri
1083 2286 1152 2328 exe·
1166 2288 1193 2339 zo

135 2373 233 2436 garae,
260 2353 402 2415 barbaros
426 2354 566 2432 deinceps
595 2372 661 2414 esse
684 2356 813 2415 vetuisti.
858 2373 919 2415 non
948 2358 1027 2416 enim
1054 2362 1152 2435 potest

135 2461 279 2522 umquam
311 2444 414 2503 civicis
446 2442 618 2522 pectoribus
646 2442 733 2524 elabi,
766 2461 855 2522 quem
886 2451 916 2505 te
949 2452 1151 2525 quantumque

135 2551 234 2612 nuper
257 2533 353 2592 omnis
377 2538 457 2592 actas
481 2531 553 2592 ordo
577 2549 665 2592 sexus
685 2550 701 2592 e
721 2534 872 2592 semirutis
891 2551 1046 2593 murorum
1065 2552 1152 2613 agge-

135 2621 221 2682 ribus
250 2620 507 2700 conspicabantur,
539 2637 607 2681 cum
639 2623 804 2682 interiectis
837 2620 1014 2701 aequoribus
1042 2625 1073 2682 in
1102 2622 1151 2682 ad-

134 2728 257 2772 versum
280 2708 492 2789 perambulatis
520 2717 550 2769 et
576 2711 624 2769 vix
653 2709 855 2788 duodeviginti
882 2712 1017 2790 equitum
1045 2710 1150 2770 sodali·
1165 2731 1191 2773 aa

133 2806 198 2861 tate
231 2800 388 2859 comitatus
421 2797 532 2877 aliquot
568 2797 650 2859 milia
682 2797 846 2859 Gothorum
877 2816 938 2859 non
970 2802 1070 2860 minus
1102 2798 1150 2859 die

135 2906 227 2968 quam
250 2905 353 2967 campo
377 2886 484 2968 medio,
508 2887 587 2966 quod
610 2887 730 2948 difficile
753 2890 793 2948 sit
814 2889 973 2966 posteritas
992 2887 1150 2968 creditura,

133 2978 280 3038 transisti.
325 2976 355 3037 4.
379 2975 415 3036 ad
443 2977 571 3037 nominis
599 2978 644 3037 tui
671 2994 822 3037 rumorem
848 2994 1052 3056 personaeque
1081 2994 1150 3038 con-

135 3072 273 3146 spectum
297 3067 460 3126 exercitum
483 3066 762 3126 exercitatissimum
785 3073 889 3144 stupor
912 3064 1011 3125 obruit
1033 3067 1088 3146 ita,
1115 3073 1149 3126 ut

135 3172 207 3234 prae
231 3153 424 3215 admiratione
448 3156 599 3214 nescirent
617 3152 708 3214 duces
726 3155 820 3232 partis
839 3155 986 3234 inimicae,
1009 3173 1097 3233 quam
1117 3173 1148 3214 se
1162 3178 1190 3218 ao

136 3243 223 3304 mirlti
247 3261 393 3322 quamque
416 3250 446 3303 te
469 3245 557 3322 pauci
586 3244 806 3303 comitarentur.
853 3240 997 3304 subducta
1020 3251 1065 3304 est
1088 3251 1150 3305 tota

135 3334 273 3413 protinus
301 3333 380 3393 acies
412 3333 443 3392 in
475 3330 669 3410 supercilium
702 3329 785 3392 collis
815 3330 946 3411 abrupti,
979 3349 1054 3410 quae
1081 3352 1150 3394 cum

209 3510 242 3557 19
260 3502 292 3557 in
309 3504 339 3556 ta
356 3501 429 3556 illud
450 3502 474 3558 0
483 3506 493 3574 l
506 3507 542 3556 24
560 3501 794 3570 conspicabantur
812 3502 877 3558 ΒΝ
880 3503 911 3570 Τ,
932 3502 1150 3573 conspicabatur

134 3575 174 3631 M
178 3574 202 3630 G
211 3577 221 3645 ll
235 3579 269 3628 25
289 3572 435 3628 soliditate
454 3573 545 3645 01129
565 3573 831 3628 exercitatissimum
849 3572 1002 3629 exercitum
1021 3576 1065 3647 Ol
