2628 4034
543 191 695 246 CARMEN
712 193 760 248 IX.

604 405 693 472 VHI.

166 529 216 584 AD
235 527 394 582 PRISGUM
413 526 658 582 VALERIANUM
676 528 796 582 VIRUM
813 527 1131 586 PRAEFECTORIUM.

209 641 325 722 Prisce,
348 640 439 702 decus
463 659 581 719 semper
603 647 752 722 nostrum,
775 643 824 701 cui
846 643 982 721 principe
1005 643 1090 704 Avito

278 737 433 808 cognatum
457 732 550 790 sociat
572 748 704 809 purpura
728 729 805 790 celsa
829 747 936 810 genus,

210 818 246 880 ad
269 825 320 879 tua
344 837 410 879 oum
434 825 552 879 nostrae
576 826 698 879 currant
721 821 855 879 examina
878 837 987 899 nugae,

277 908 358 968 dico:
378 903 478 988 ‘state,
501 925 604 988 vagae3
628 924 686 986 quo
710 904 899 986 properatis?
931 915 1017 969 amat.

174 1008 190 1058 5
211 997 371 1057 destrictus
395 1014 513 1075 semper
537 1014 656 1077 censor,
680 998 731 1075 qui
755 995 863 1077 diligit,
887 1002 980 1077 extat3

278 1086 351 1145 dura
374 1085 470 1145 lronte
495 1084 566 1163 legit
589 1084 686 1144 mollis
711 1086 846 1145 amicitia.

209 1173 252 1234 nil
276 1180 372 1234 totum
394 1173 517 1252 prodest
539 1172 687 1234 adiectum
711 1172 847 1234 laudibus
871 1173 957 1256 illud,

276 1261 361 1341 Ulpia
385 1262 463 1341 quod
486 1261 588 1322 rutilat
610 1265 744 1341 porticus
768 1281 835 1323 aere
859 1280 925 1322 meo

209 1351 256 1412 vel
281 1350 358 1429 quod
382 1351 477 1411 adhuc
500 1350 609 1430 populo
633 1349 721 1411 simul
744 1358 774 1411 et
797 1351 955 1430 plaudente
979 1359 1084 1412 senatu

158 1453 190 1502 10
277 1440 313 1500 ad
337 1447 471 1506 nostrum
496 1439 599 1500 reboat
622 1457 749 1499 concava
771 1439 864 1499 Roma
888 1436 1017 1520 sophos?

210 1528 391 1608 respondent
415 1528 494 1590 illae:
518 1524 769 1608 properabimus,
792 1527 915 1610 ibimuS,
939 1536 969 1589 et
991 1547 1046 1590 nos

277 1636 337 1677 non
360 1619 486 1678 retines:
509 1623 590 1678 tanto
614 1616 712 1677 iudice
737 1615 823 1697 culpa
845 1616 949 1695 placet.

210 1709 346 1785 cognitor
368 1707 423 1767 hoc
446 1706 545 1767 nullus
569 1705 687 1786 melior3
710 1705 785 1765 bene
810 1707 940 1766 carmina
963 1713 1070 1785 pensat

278 1801 450 1875 contemptu
472 1795 570 1875 tardo,
594 1794 704 1855 iudicio
729 1789 841 1855 celeri.'

158 1896 191 1945 15
211 1889 241 1944 et
265 1886 334 1962 quia
357 1902 417 1944 non
439 1886 523 1963 potui
545 1885 704 1944 temeraria
728 1885 834 1943 sistere
857 1883 962 1964 rerba,

277 1972 334 2032 hoc
357 1990 442 2053 rogo,
466 1991 502 2034 ne
526 1972 644 2033 dubites
668 1971 744 2032 lecta
768 1971 867 2032 dicare
891 1990 972 2051 rogo.

623 2180 678 2245 IX.

535 2301 585 2354 AD
603 2300 768 2356 FELICEM.

383 2391 497 2444 Lancnu
516 2390 627 2444 Sonmus
645 2408 715 2444 nnnc
734 2392 914 2446 Aronnmanrs

384 2481 471 2516 summ
489 2479 591 2514 nourno
609 2481 708 2522 mooun
726 2480 821 2516 rmum

384 2553 457 2587 nrc1r
476 2531 602 2586 Sinonrus
622 2551 685 2586 suus
705 2549 829 2587 snuursu.

348 2645 415 2727 Dio,
438 2646 498 2726 dic,
522 2644 600 2724 quod
623 2651 706 2726 peto,
729 2644 846 2726 Magne,
869 2646 931 2726 dic,
954 2646 1070 2728 amabo,

266 2747 281 2795 u
300 2734 384 2795 Felix
407 2737 540 2815 nomine,
563 2741 676 2814 mente,
698 2734 825 2814 honore,
848 2734 957 2816 lorma,

304 2826 394 2904 natis,
419 2825 557 2904 coniuge,
581 2821 736 2902 iratribus,
758 2829 895 2903 parente,

305 2915 453 2991 germanis
477 2914 621 2991 genitoris
645 2918 732 2990 atque
755 2913 859 2972 matris

304 3008 334 3061 et
357 3019 472 3061 summo
495 3000 676 3080 patruelium
699 2998 833 3061 Camillo:

305 3090 376 3169 quid
400 3108 493 3168 nugas
515 3091 690 3150 temerarias
714 3089 815 3169 amici,

251 3192 283 3240 10
303 3180 412 3258 sparsit
436 3196 508 3256 quas
530 3188 651 3238 tenerae
676 3179 759 3237 iocus
783 3178 932 3258 iuventae,

215 3331 282 3385 VlII
301 3338 314 3385 1
334 3329 456 3401 principi
475 3331 534 3386 PT
553 3333 562 3400 ΙΙ
585 3337 601 3385 5
621 3331 772 3385 destrictus
796 3330 991 3398 Wilamowita,
1014 3326 1159 3383 districtus

144 3401 270 3471 OPTF,
291 3401 434 3456 districtos
454 3403 491 3457 M
510 3405 520 3472 ll
544 3409 558 3457 7
578 3403 671 3456 lotum
691 3403 730 3474 T]
749 3403 847 3457 volum
868 3400 961 3470 OPF,
979 3415 1080 3454 vocum
1098 3401 1137 3455 M
1153 3401 1156 3472 l

142 3472 224 3527 illum
248 3473 296 3543 M,
325 3490 376 3529 orn.
399 3474 458 3540 Fp
482 3479 515 3529 lo
533 3474 587 3528 hoc
606 3474 655 3544 M]
674 3474 746 3528 haec
766 3471 882 3529 OPTF
904 3476 907 3543 Ι
928 3477 993 3543 post
1018 3473 1065 3527 alt.
1088 3488 1158 3542 rogo

141 3545 235 3613 deficit
252 3546 339 3602 codem
357 3544 465 3614 milix
483 3549 610 3602 vo.1—3
629 3562 680 3601 om.
698 3546 744 3615 ΤΙΙ
