<?xml version="1.0" encoding="UTF-8"?>
<!DOCTYPE html PUBLIC "-//W3C//DTD XHTML 1.0 Transitional//EN"
    "http://www.w3.org/TR/xhtml1/DTD/xhtml1-transitional.dtd">
<html xmlns="http://www.w3.org/1999/xhtml" xml:lang="en" lang="en">
 <head>
  <title>
</title>
<meta http-equiv="Content-Type" content="text/html;charset=utf-8" />
  <meta name='ocr-system' content='tesseract 3.04.00' />
  <meta name='ocr-capabilities' content='ocr_page ocr_carea ocr_par ocr_line ocrx_word'/>
</head>
<body>
  <div class='ocr_page' id='page_1' title='image "./csolliusapollin01apolgoog_0062.png"; bbox 0 0 2614 4030; ppageno 0'>
   <div class='ocr_carea' id='block_1_1' title="bbox 305 181 1153 248">
    <p class='ocr_par' dir='ltr' id='par_1_1' title="bbox 305 181 1153 248">
     <span class='ocr_line' id='line_1_1' title="bbox 305 181 1153 248; baseline -0.002 -10"><span class='ocrx_word' id='word_1_1' title='bbox 305 181 473 239; x_wconf 83' lang='lat' dir='ltr'>SIDONIUS</span> <span class='ocrx_word' id='word_1_2' title='bbox 493 181 705 239; x_wconf 81' lang='lat' dir='ltr'>GAUDENTIO</span> <span class='ocrx_word' id='word_1_3' title='bbox 725 182 792 239; x_wconf 89' lang='lat' dir='ltr'><strong>SUO</strong></span> <span class='ocrx_word' id='word_1_4' title='bbox 813 182 989 238; x_wconf 78' lang='lat' dir='ltr'>SALUTEM.</span> <span class='ocrx_word' id='word_1_5' title='bbox 1135 185 1153 248; x_wconf 78' lang='grc'>7</span> 
     </span>
    </p>
   </div>
   <div class='ocr_carea' id='block_1_2' title="bbox 139 331 1155 589">
    <p class='ocr_par' dir='ltr' id='par_1_2' title="bbox 139 331 1155 589">
     <span class='ocr_line' id='line_1_2' title="bbox 139 331 1155 414; baseline 0.002 -22"><span class='ocrx_word' id='word_1_6' title='bbox 139 331 304 414; x_wconf 81' lang='lat' dir='ltr'><strong>perniciter</strong></span> <span class='ocrx_word' id='word_1_7' title='bbox 327 333 439 392; x_wconf 83' lang='lat' dir='ltr'><strong>sarcire</strong></span> <span class='ocrx_word' id='word_1_8' title='bbox 462 331 661 414; x_wconf 84' lang='lat' dir='ltr'><strong>dispendium,</strong></span> <span class='ocrx_word' id='word_1_9' title='bbox 688 350 739 413; x_wconf 92' lang='lat' dir='ltr'><strong>ne,</strong></span> <span class='ocrx_word' id='word_1_10' title='bbox 767 334 794 393; x_wconf 93' lang='lat' dir='ltr'><strong>si</strong></span> <span class='ocrx_word' id='word_1_11' title='bbox 818 339 900 394; x_wconf 86' lang='lat' dir='ltr'><strong>extra</strong></span> <span class='ocrx_word' id='word_1_12' title='bbox 922 335 1155 412; x_wconf 85' lang='lat' dir='ltr'><strong>praerogativam</strong></span> 
     </span>
     <span class='ocr_line' id='line_1_3' title="bbox 140 419 1153 504; baseline 0.002 -22"><span class='ocrx_word' id='word_1_13' title='bbox 140 420 305 482; x_wconf 89' lang='lat' dir='ltr'><strong>consiliarii</strong></span> <span class='ocrx_word' id='word_1_14' title='bbox 336 422 367 481; x_wconf 90' lang='lat' dir='ltr'><strong>in</strong></span> <span class='ocrx_word' id='word_1_15' title='bbox 400 419 558 482; x_wconf 90' lang='lat' dir='ltr'><strong>concilium</strong></span> <span class='ocrx_word' id='word_1_16' title='bbox 590 423 721 504; x_wconf 76' lang='lat' dir='ltr'><strong>veneriS,</strong></span> <span class='ocrx_word' id='word_1_17' title='bbox 754 421 832 482; x_wconf 92' lang='lat' dir='ltr'><strong>solas</strong></span> <span class='ocrx_word' id='word_1_18' title='bbox 864 424 1043 484; x_wconf 86' lang='lat' dir='ltr'><strong>vicariorum</strong></span> <span class='ocrx_word' id='word_1_19' title='bbox 1074 425 1153 484; x_wconf 90' lang='lat' dir='ltr'><strong>vices</strong></span> 
     </span>
     <span class='ocr_line' id='line_1_4' title="bbox 140 505 505 589; baseline -0.005 -17"><span class='ocrx_word' id='word_1_20' title='bbox 140 505 239 589; x_wconf 77' lang='lat' dir='ltr'><strong>egisse</strong></span> <span class='ocrx_word' id='word_1_21' title='bbox 262 510 387 571; x_wconf 85' lang='lat' dir='ltr'><strong>videare.</strong></span> <span class='ocrx_word' id='word_1_22' title='bbox 434 509 505 570; x_wconf 89' lang='lat' dir='ltr'><strong>vale.</strong></span> 
     </span>
    </p>
   </div>
   <div class='ocr_carea' id='block_1_3' title="bbox 303 700 989 878">
    <p class='ocr_par' dir='ltr' id='par_1_3' title="bbox 303 700 989 878">
     <span class='ocr_line' id='line_1_5' title="bbox 309 700 677 768; baseline -0.008 0"><span class='ocrx_word' id='word_1_23' title='bbox 309 761 312 768; x_wconf 79' lang='grc'>,</span> <span class='ocrx_word' id='word_1_24' title='bbox 621 700 677 766; x_wconf 88' lang='lat' dir='ltr'><strong>IV.</strong></span> 
     </span>
     <span class='ocr_line' id='line_1_6' title="bbox 303 820 989 878; baseline 0 -1"><span class='ocrx_word' id='word_1_25' title='bbox 303 821 471 877; x_wconf 85' lang='lat' dir='ltr'>SIDONIUS</span> <span class='ocrx_word' id='word_1_26' title='bbox 492 820 704 876; x_wconf 81' lang='lat' dir='ltr'>GAUDENTIO</span> <span class='ocrx_word' id='word_1_27' title='bbox 725 821 793 878; x_wconf 90' lang='lat' dir='ltr'><strong>SUO</strong></span> <span class='ocrx_word' id='word_1_28' title='bbox 812 821 989 878; x_wconf 79' lang='lat' dir='ltr'>SALUTEM.</span> 
     </span>
    </p>
   </div>
   <div class='ocr_carea' id='block_1_4' title="bbox 118 951 1196 2369">
    <p class='ocr_par' dir='ltr' id='par_1_4' title="bbox 140 951 1194 1834">
     <span class='ocr_line' id='line_1_7' title="bbox 212 951 1194 1036; baseline -0.006 -22"><span class='ocrx_word' id='word_1_29' title='bbox 212 953 239 1014; x_wconf 93' lang='lat'><strong>1.</strong></span> <span class='ocrx_word' id='word_1_30' title='bbox 270 951 364 1014; x_wconf 88' lang='lat' dir='ltr'><strong>Macte</strong></span> <span class='ocrx_word' id='word_1_31' title='bbox 393 960 470 1036; x_wconf 92' lang='lat' dir='ltr'><strong>esto,</strong></span> <span class='ocrx_word' id='word_1_32' title='bbox 502 955 547 1014; x_wconf 88' lang='lat' dir='ltr'><strong>vir</strong></span> <span class='ocrx_word' id='word_1_33' title='bbox 575 953 769 1034; x_wconf 83' lang='lat' dir='ltr'><strong>amplissime,</strong></span> <span class='ocrx_word' id='word_1_34' title='bbox 802 951 931 1014; x_wconf 82' lang='lat' dir='ltr'><strong>fascibus</strong></span> <span class='ocrx_word' id='word_1_35' title='bbox 961 956 1054 1034; x_wconf 91' lang='lat' dir='ltr'><strong>partis</strong></span> <span class='ocrx_word' id='word_1_36' title='bbox 1087 954 1154 1014; x_wconf 94' lang='lat' dir='ltr'><strong>dote</strong></span> <span class='ocrx_word' id='word_1_37' title='bbox 1182 968 1194 1008; x_wconf 84' lang='lat' dir='ltr'><strong>o</strong></span> 
     </span>
     <span class='ocr_line' id='line_1_8' title="bbox 142 1041 1155 1124; baseline 0.001 -22"><span class='ocrx_word' id='word_1_38' title='bbox 142 1043 330 1123; x_wconf 71' lang='lat' dir='ltr'><strong>meritorum,</strong></span> <span class='ocrx_word' id='word_1_39' title='bbox 364 1060 491 1122; x_wconf 91' lang='lat' dir='ltr'><strong>quorum</strong></span> <span class='ocrx_word' id='word_1_40' title='bbox 522 1049 555 1103; x_wconf 94' lang='lat' dir='ltr'><strong>ut</strong></span> <span class='ocrx_word' id='word_1_41' title='bbox 586 1041 681 1104; x_wconf 77' lang='lat' dir='ltr'><strong>tittdis</strong></span> <span class='ocrx_word' id='word_1_42' title='bbox 714 1041 908 1122; x_wconf 87' lang='lat' dir='ltr'><strong>apicibusque</strong></span> <span class='ocrx_word' id='word_1_43' title='bbox 935 1045 1063 1124; x_wconf 92' lang='lat' dir='ltr'><strong>potiare,</strong></span> <span class='ocrx_word' id='word_1_44' title='bbox 1094 1061 1155 1104; x_wconf 96' lang='lat' dir='ltr'><strong>non</strong></span> 
     </span>
     <span class='ocr_line' id='line_1_9' title="bbox 142 1130 1154 1212; baseline 0.002 -22"><span class='ocrx_word' id='word_1_45' title='bbox 142 1136 291 1191; x_wconf 85' lang='lat' dir='ltr'><strong>maternos</strong></span> <span class='ocrx_word' id='word_1_46' title='bbox 315 1131 439 1212; x_wconf 90' lang='lat' dir='ltr'><strong>reditus,</strong></span> <span class='ocrx_word' id='word_1_47' title='bbox 461 1149 521 1192; x_wconf 91' lang='lat' dir='ltr'><strong>non</strong></span> <span class='ocrx_word' id='word_1_48' title='bbox 545 1132 636 1192; x_wconf 83' lang='lat' dir='ltr'><strong>avitas</strong></span> <span class='ocrx_word' id='word_1_49' title='bbox 654 1130 835 1210; x_wconf 84' lang='lat' dir='ltr'><strong>largitiones,</strong></span> <span class='ocrx_word' id='word_1_50' title='bbox 857 1149 917 1192; x_wconf 91' lang='lat' dir='ltr'><strong>non</strong></span> <span class='ocrx_word' id='word_1_51' title='bbox 935 1133 1055 1192; x_wconf 84' lang='lat' dir='ltr'><strong>uxorias</strong></span> <span class='ocrx_word' id='word_1_52' title='bbox 1074 1149 1154 1210; x_wconf 86' lang='lat' dir='ltr'><strong>gem-</strong></span> 
     </span>
     <span class='ocr_line' id='line_1_10' title="bbox 141 1220 1154 1304; baseline 0.001 -25"><span class='ocrx_word' id='word_1_53' title='bbox 141 1237 215 1300; x_wconf 92' lang='lat' dir='ltr'><strong>mas,</strong></span> <span class='ocrx_word' id='word_1_54' title='bbox 242 1238 302 1280; x_wconf 94' lang='lat' dir='ltr'><strong>non</strong></span> <span class='ocrx_word' id='word_1_55' title='bbox 325 1227 464 1300; x_wconf 91' lang='lat' dir='ltr'><strong>paternas</strong></span> <span class='ocrx_word' id='word_1_56' title='bbox 486 1221 628 1304; x_wconf 88' lang='lat' dir='ltr'><strong>pecunias</strong></span> <span class='ocrx_word' id='word_1_57' title='bbox 650 1221 852 1301; x_wconf 80' lang='lat' dir='ltr'><strong>numeravisti,</strong></span> <span class='ocrx_word' id='word_1_58' title='bbox 876 1222 945 1299; x_wconf 89' lang='lat' dir='ltr'><strong>quia</strong></span> <span class='ocrx_word' id='word_1_59' title='bbox 967 1220 1023 1281; x_wconf 91' lang='lat' dir='ltr'><strong>tibi</strong></span> <span class='ocrx_word' id='word_1_60' title='bbox 1045 1238 1062 1281; x_wconf 92' lang='lat' dir='ltr'><strong>e</strong></span> <span class='ocrx_word' id='word_1_61' title='bbox 1086 1238 1154 1282; x_wconf 90' lang='lat' dir='ltr'><strong>con-</strong></span> 
     </span>
     <span class='ocr_line' id='line_1_11' title="bbox 140 1308 1155 1392; baseline 0.001 -24"><span class='ocrx_word' id='word_1_62' title='bbox 140 1310 233 1369; x_wconf 93' lang='lat' dir='ltr'><strong>trario</strong></span> <span class='ocrx_word' id='word_1_63' title='bbox 256 1308 333 1388; x_wconf 89' lang='lat' dir='ltr'><strong>apud</strong></span> <span class='ocrx_word' id='word_1_64' title='bbox 356 1311 500 1389; x_wconf 91' lang='lat' dir='ltr'><strong>principis</strong></span> <span class='ocrx_word' id='word_1_65' title='bbox 529 1308 648 1369; x_wconf 93' lang='lat' dir='ltr'><strong>domum</strong></span> <span class='ocrx_word' id='word_1_66' title='bbox 672 1310 806 1388; x_wconf 90' lang='lat' dir='ltr'><strong>iuspecta</strong></span> <span class='ocrx_word' id='word_1_67' title='bbox 829 1310 998 1392; x_wconf 87' lang='lat' dir='ltr'><strong>sinceritas,</strong></span> <span class='ocrx_word' id='word_1_68' title='bbox 1025 1316 1155 1389; x_wconf 91' lang='lat' dir='ltr'><strong>spectata</strong></span> 
     </span>
     <span class='ocr_line' id='line_1_12' title="bbox 143 1396 1194 1479; baseline -0.003 -22"><span class='ocrx_word' id='word_1_69' title='bbox 143 1396 294 1479; x_wconf 89' lang='lat' dir='ltr'><strong>sedulitas,</strong></span> <span class='ocrx_word' id='word_1_70' title='bbox 316 1397 444 1460; x_wconf 90' lang='lat' dir='ltr'><strong>admissa</strong></span> <span class='ocrx_word' id='word_1_71' title='bbox 469 1397 608 1459; x_wconf 90' lang='lat' dir='ltr'><strong>sodalitas</strong></span> <span class='ocrx_word' id='word_1_72' title='bbox 631 1397 711 1459; x_wconf 92' lang='lat' dir='ltr'><strong>laudi</strong></span> <span class='ocrx_word' id='word_1_73' title='bbox 734 1398 824 1458; x_wconf 92' lang='lat' dir='ltr'><strong>fuere.</strong></span> <span class='ocrx_word' id='word_1_74' title='bbox 868 1416 884 1458; x_wconf 94' lang='lat' dir='ltr'><strong>o</strong></span> <span class='ocrx_word' id='word_1_75' title='bbox 907 1406 1012 1477; x_wconf 85' lang='lat' dir='ltr'><strong>terque</strong></span> <span class='ocrx_word' id='word_1_76' title='bbox 1036 1405 1154 1478; x_wconf 86' lang='lat' dir='ltr'><strong>quater-</strong></span> <span class='ocrx_word' id='word_1_77' title='bbox 1170 1415 1194 1454; x_wconf 79' lang='lat' dir='ltr'><strong>ro</strong></span> 
     </span>
     <span class='ocr_line' id='line_1_13' title="bbox 143 1485 1155 1568; baseline 0.001 -22"><span class='ocrx_word' id='word_1_78' title='bbox 143 1505 200 1565; x_wconf 92' lang='lat' dir='ltr'><strong>que</strong></span> <span class='ocrx_word' id='word_1_79' title='bbox 227 1485 346 1547; x_wconf 91' lang='lat' dir='ltr'><strong>beatum</strong></span> <span class='ocrx_word' id='word_1_80' title='bbox 374 1494 417 1568; x_wconf 91' lang='lat' dir='ltr'><strong>te,</strong></span> <span class='ocrx_word' id='word_1_81' title='bbox 449 1486 486 1547; x_wconf 95' lang='lat' dir='ltr'><strong>de</strong></span> <span class='ocrx_word' id='word_1_82' title='bbox 519 1489 604 1548; x_wconf 89' lang='lat' dir='ltr'><strong>ouius</strong></span> <span class='ocrx_word' id='word_1_83' title='bbox 632 1485 761 1548; x_wconf 88' lang='lat' dir='ltr'><strong>culmine</strong></span> <span class='ocrx_word' id='word_1_84' title='bbox 789 1487 877 1547; x_wconf 89' lang='lat' dir='ltr'><strong>datur</strong></span> <span class='ocrx_word' id='word_1_85' title='bbox 903 1489 1007 1548; x_wconf 85' lang='lat' dir='ltr'><strong>amicis</strong></span> <span class='ocrx_word' id='word_1_86' title='bbox 1035 1487 1155 1568; x_wconf 90' lang='lat' dir='ltr'><strong>laetitia,</strong></span> 
     </span>
     <span class='ocr_line' id='line_1_14' title="bbox 141 1574 1156 1658; baseline 0.001 -23"><span class='ocrx_word' id='word_1_87' title='bbox 141 1574 239 1636; x_wconf 82' lang='lat' dir='ltr'><strong>lividis</strong></span> <span class='ocrx_word' id='word_1_88' title='bbox 266 1593 370 1657; x_wconf 91' lang='lat' dir='ltr'><strong>poena,</strong></span> <span class='ocrx_word' id='word_1_89' title='bbox 401 1577 531 1656; x_wconf 92' lang='lat' dir='ltr'><strong>posteris</strong></span> <span class='ocrx_word' id='word_1_90' title='bbox 563 1575 669 1658; x_wconf 86' lang='lat' dir='ltr'><strong>gloria,</strong></span> <span class='ocrx_word' id='word_1_91' title='bbox 700 1583 765 1636; x_wconf 93' lang='lat' dir='ltr'><strong>tum</strong></span> <span class='ocrx_word' id='word_1_92' title='bbox 796 1582 950 1656; x_wconf 86' lang='lat' dir='ltr'><strong>praeterea</strong></span> <span class='ocrx_word' id='word_1_93' title='bbox 980 1579 1093 1655; x_wconf 84' lang='lat' dir='ltr'><strong>vegetis</strong></span> <span class='ocrx_word' id='word_1_94' title='bbox 1125 1583 1156 1636; x_wconf 92' lang='lat' dir='ltr'><strong>et</strong></span> 
     </span>
     <span class='ocr_line' id='line_1_15' title="bbox 143 1663 1155 1745; baseline 0 -21"><span class='ocrx_word' id='word_1_95' title='bbox 143 1663 291 1725; x_wconf 87' lang='lat' dir='ltr'><strong>alacribus</strong></span> <span class='ocrx_word' id='word_1_96' title='bbox 315 1665 491 1745; x_wconf 81' lang='lat' dir='ltr'><strong>exemplum,</strong></span> <span class='ocrx_word' id='word_1_97' title='bbox 514 1663 667 1725; x_wconf 90' lang='lat' dir='ltr'><strong>desidibus</strong></span> <span class='ocrx_word' id='word_1_98' title='bbox 691 1672 721 1725; x_wconf 92' lang='lat' dir='ltr'><strong>et</strong></span> <span class='ocrx_word' id='word_1_99' title='bbox 743 1666 837 1744; x_wconf 84' lang='lat' dir='ltr'><strong>pigris</strong></span> <span class='ocrx_word' id='word_1_100' title='bbox 860 1666 1097 1745; x_wconf 84' lang='lat' dir='ltr'><strong>incitamentum3</strong></span> <span class='ocrx_word' id='word_1_101' title='bbox 1126 1672 1155 1725; x_wconf 90' lang='lat' dir='ltr'><strong>et</strong></span> 
     </span>
     <span class='ocr_line' id='line_1_16' title="bbox 141 1753 1155 1834; baseline -0.001 -20"><span class='ocrx_word' id='word_1_102' title='bbox 141 1760 255 1834; x_wconf 92' lang='lat' dir='ltr'><strong>tamen,</strong></span> <span class='ocrx_word' id='word_1_103' title='bbox 287 1755 314 1814; x_wconf 92' lang='lat' dir='ltr'><strong>si</strong></span> <span class='ocrx_word' id='word_1_104' title='bbox 347 1756 398 1833; x_wconf 90' lang='lat' dir='ltr'><strong>qui</strong></span> <span class='ocrx_word' id='word_1_105' title='bbox 429 1760 512 1834; x_wconf 90' lang='lat' dir='ltr'><strong>sunt,</strong></span> <span class='ocrx_word' id='word_1_106' title='bbox 544 1754 596 1833; x_wconf 85' lang='lat' dir='ltr'><strong>qui</strong></span> <span class='ocrx_word' id='word_1_107' title='bbox 623 1760 653 1814; x_wconf 92' lang='lat' dir='ltr'><strong>te</strong></span> <span class='ocrx_word' id='word_1_108' title='bbox 677 1771 864 1833; x_wconf 87' lang='lat' dir='ltr'><strong>quocumque</strong></span> <span class='ocrx_word' id='word_1_109' title='bbox 892 1755 990 1814; x_wconf 91' lang='lat' dir='ltr'><strong>animo</strong></span> <span class='ocrx_word' id='word_1_110' title='bbox 1014 1753 1155 1833; x_wconf 84' lang='lat' dir='ltr'><strong>deinceps</strong></span> 
     </span>
    </p>

    <p class='ocr_par' dir='ltr' id='par_1_5' title="bbox 118 1840 1196 2369">
     <span class='ocr_line' id='line_1_17' title="bbox 118 1840 1196 1925; baseline -0.003 -24"><span class='ocrx_word' id='word_1_111' title='bbox 118 1881 122 1887; x_wconf 91' lang='lat'><em>-</em></span> <span class='ocrx_word' id='word_1_112' title='bbox 142 1841 377 1925; x_wconf 90' lang='lat' dir='ltr'><strong>aemulabuntur,</strong></span> <span class='ocrx_word' id='word_1_113' title='bbox 405 1842 462 1903; x_wconf 90' lang='lat' dir='ltr'><strong>sibi</strong></span> <span class='ocrx_word' id='word_1_114' title='bbox 486 1843 623 1922; x_wconf 84' lang='lat' dir='ltr'><strong>forsitan,</strong></span> <span class='ocrx_word' id='word_1_115' title='bbox 651 1844 729 1903; x_wconf 91' lang='lat' dir='ltr'><strong>site</strong></span> <span class='ocrx_word' id='word_1_116' title='bbox 753 1849 986 1922; x_wconf 88' lang='lat' dir='ltr'><strong>consequantur,</strong></span> <span class='ocrx_word' id='word_1_117' title='bbox 1019 1840 1196 1922; x_wconf 80' lang='lat' dir='ltr'><strong>debeant,1a</strong></span> 
     </span>
     <span class='ocr_line' id='line_1_18' title="bbox 141 1929 1154 2012; baseline 0 -22"><span class='ocrx_word' id='word_1_118' title='bbox 141 1931 197 1991; x_wconf 91' lang='lat' dir='ltr'><strong>tibi</strong></span> <span class='ocrx_word' id='word_1_119' title='bbox 221 1930 372 1992; x_wconf 90' lang='lat' dir='ltr'><strong>debebunt</strong></span> <span class='ocrx_word' id='word_1_120' title='bbox 393 1931 498 2012; x_wconf 84' lang='lat' dir='ltr'><strong>procul</strong></span> <span class='ocrx_word' id='word_1_121' title='bbox 521 1930 621 2012; x_wconf 91' lang='lat' dir='ltr'><strong>dubio,</strong></span> <span class='ocrx_word' id='word_1_122' title='bbox 645 1931 722 2010; x_wconf 91' lang='lat' dir='ltr'><strong>quod</strong></span> <span class='ocrx_word' id='word_1_123' title='bbox 747 1937 920 2011; x_wconf 89' lang='lat' dir='ltr'><strong>sequuntur.</strong></span> <span class='ocrx_word' id='word_1_124' title='bbox 966 1929 995 1992; x_wconf 85' lang='lat'><strong>2.</strong></span> <span class='ocrx_word' id='word_1_125' title='bbox 1020 1937 1154 2010; x_wconf 90' lang='lat' dir='ltr'><strong>spectare</strong></span> 
     </span>
     <span class='ocr_line' id='line_1_19' title="bbox 141 2019 1154 2100; baseline -0.001 -19"><span class='ocrx_word' id='word_1_126' title='bbox 141 2019 215 2081; x_wconf 90' lang='lat' dir='ltr'><strong>mihi</strong></span> <span class='ocrx_word' id='word_1_127' title='bbox 237 2019 340 2081; x_wconf 81' lang='lat' dir='ltr'><strong>videor</strong></span> <span class='ocrx_word' id='word_1_128' title='bbox 362 2019 509 2081; x_wconf 92' lang='lat' dir='ltr'><strong>honorum</strong></span> <span class='ocrx_word' id='word_1_129' title='bbox 531 2037 604 2100; x_wconf 91' lang='lat' dir='ltr'><strong>pace</strong></span> <span class='ocrx_word' id='word_1_130' title='bbox 631 2020 761 2100; x_wconf 88' lang='lat' dir='ltr'><strong>praefata</strong></span> <span class='ocrx_word' id='word_1_131' title='bbox 783 2019 863 2081; x_wconf 92' lang='lat' dir='ltr'><strong>illam</strong></span> <span class='ocrx_word' id='word_1_132' title='bbox 887 2022 918 2080; x_wconf 92' lang='lat' dir='ltr'><strong>in</strong></span> <span class='ocrx_word' id='word_1_133' title='bbox 941 2019 1049 2081; x_wconf 88' lang='lat' dir='ltr'><strong>invidis</strong></span> <span class='ocrx_word' id='word_1_134' title='bbox 1072 2021 1154 2098; x_wconf 81' lang='lat' dir='ltr'><strong>igna-</strong></span> 
     </span>
     <span class='ocr_line' id='line_1_20' title="bbox 140 2107 1154 2188; baseline 0.001 -21"><span class='ocrx_word' id='word_1_135' title='bbox 140 2110 219 2168; x_wconf 90' lang='lat' dir='ltr'><strong>viam</strong></span> <span class='ocrx_word' id='word_1_136' title='bbox 251 2108 472 2188; x_wconf 87' lang='lat' dir='ltr'><strong>superbientem</strong></span> <span class='ocrx_word' id='word_1_137' title='bbox 504 2115 534 2188; x_wconf 90' lang='lat' dir='ltr'><strong>et</strong></span> <span class='ocrx_word' id='word_1_138' title='bbox 563 2107 636 2169; x_wconf 92' lang='lat' dir='ltr'><strong>illud</strong></span> <span class='ocrx_word' id='word_1_139' title='bbox 663 2108 809 2170; x_wconf 87' lang='lat' dir='ltr'><strong>militandi</strong></span> <span class='ocrx_word' id='word_1_140' title='bbox 836 2108 983 2171; x_wconf 91' lang='lat' dir='ltr'><strong>inertibus</strong></span> <span class='ocrx_word' id='word_1_141' title='bbox 1010 2108 1154 2169; x_wconf 86' lang='lat' dir='ltr'><strong>familiare</strong></span> 
     </span>
     <span class='ocr_line' id='line_1_21' title="bbox 141 2197 1154 2279; baseline 0.001 -22"><span class='ocrx_word' id='word_1_142' title='bbox 141 2197 306 2279; x_wconf 89' lang='lat' dir='ltr'><strong>fastidium,</strong></span> <span class='ocrx_word' id='word_1_143' title='bbox 334 2216 441 2260; x_wconf 93' lang='lat' dir='ltr'><strong>cuma</strong></span> <span class='ocrx_word' id='word_1_144' title='bbox 469 2198 675 2276; x_wconf 85' lang='lat' dir='ltr'><strong>desperatione</strong></span> <span class='ocrx_word' id='word_1_145' title='bbox 703 2198 859 2259; x_wconf 85' lang='lat' dir='ltr'><strong>crescendi</strong></span> <span class='ocrx_word' id='word_1_146' title='bbox 887 2200 965 2259; x_wconf 91' lang='lat' dir='ltr'><strong>inter</strong></span> <span class='ocrx_word' id='word_1_147' title='bbox 991 2197 1154 2259; x_wconf 89' lang='lat' dir='ltr'><strong>bibendum</strong></span> 
     </span>
     <span class='ocr_line' id='line_1_22' title="bbox 140 2286 1195 2369; baseline -0.002 -23"><span class='ocrx_word' id='word_1_148' title='bbox 140 2286 382 2366; x_wconf 90' lang='lat' dir='ltr'><strong>philosophantes</strong></span> <span class='ocrx_word' id='word_1_149' title='bbox 401 2287 491 2348; x_wconf 89' lang='lat' dir='ltr'><strong>ferias</strong></span> <span class='ocrx_word' id='word_1_150' title='bbox 510 2286 753 2348; x_wconf 88' lang='lat' dir='ltr'><strong>inhonoratorum</strong></span> <span class='ocrx_word' id='word_1_151' title='bbox 771 2286 899 2369; x_wconf 92' lang='lat' dir='ltr'><strong>laudant,</strong></span> <span class='ocrx_word' id='word_1_152' title='bbox 922 2289 994 2348; x_wconf 87' lang='lat' dir='ltr'><strong>vitio</strong></span> <span class='ocrx_word' id='word_1_153' title='bbox 1013 2287 1153 2369; x_wconf 88' lang='lat' dir='ltr'><strong>desidiae,</strong></span> <span class='ocrx_word' id='word_1_154' title='bbox 1169 2305 1195 2344; x_wconf 80' lang='lat' dir='ltr'><strong>so</strong></span> 
     </span>
    </p>
   </div>
   <div class='ocr_carea' id='block_1_5' title="bbox 141 2376 620 2482">
    <p class='ocr_par' dir='ltr' id='par_1_6' title="bbox 141 2376 620 2482">
     <span class='ocr_line' id='line_1_23' title="bbox 141 2376 620 2482; baseline 0.002 -48"><span class='ocrx_word' id='word_1_155' title='bbox 141 2393 201 2482; x_wconf 71' lang='lat' dir='ltr'><strong>non</strong></span> <span class='ocrx_word' id='word_1_156' title='bbox 225 2376 323 2437; x_wconf 92' lang='lat' dir='ltr'><strong>studio</strong></span> <span class='ocrx_word' id='word_1_157' title='bbox 347 2377 541 2456; x_wconf 92' lang='lat' dir='ltr'><strong>perfectionis</strong></span> <span class='ocrx_word' id='word_1_158' title='bbox 560 2424 567 2436; x_wconf 91' lang='lat'><strong>.</strong></span> <span class='ocrx_word' id='word_1_159' title='bbox 587 2423 593 2436; x_wconf 97' lang='lat'><strong>.</strong></span> <span class='ocrx_word' id='word_1_160' title='bbox 614 2424 620 2435; x_wconf 95' lang='lat'><strong>.</strong></span> 
     </span>
    </p>
   </div>
   <div class='ocr_carea' id='block_1_6' title="bbox 514 2463 786 2542">
    <p class='ocr_par' dir='ltr' id='par_1_7' title="bbox 514 2463 786 2542">
     <span class='ocr_line' id='line_1_24' title="bbox 514 2463 786 2542; baseline 0 -37"><span class='ocrx_word' id='word_1_161' title='bbox 514 2463 533 2505; x_wconf 63' lang='lat' dir='ltr'><strong>’lt</strong></span> <span class='ocrx_word' id='word_1_162' title='bbox 641 2501 660 2542; x_wconf 38' lang='grc' dir='ltr'><strong>ἧς</strong></span> <span class='ocrx_word' id='word_1_163' title='bbox 767 2463 786 2505; x_wconf 63' lang='lat' dir='ltr'><strong>’lt</strong></span> 
     </span>
    </p>
   </div>
   <div class='ocr_carea' id='block_1_7' title="bbox 141 2549 1194 2900">
    <p class='ocr_par' dir='ltr' id='par_1_8' title="bbox 141 2549 1194 2900">
     <span class='ocr_line' id='line_1_25' title="bbox 142 2549 1153 2635; baseline -0.001 -21"><span class='ocrx_word' id='word_1_164' title='bbox 142 2549 171 2614; x_wconf 88' lang='lat'><strong>3.</strong></span> <span class='ocrx_word' id='word_1_165' title='bbox 196 2555 442 2634; x_wconf 88' lang='lat' dir='ltr'><strong>..appetitus,</strong></span> <span class='ocrx_word' id='word_1_166' title='bbox 474 2571 511 2614; x_wconf 92' lang='lat' dir='ltr'><strong>ne</strong></span> <span class='ocrx_word' id='word_1_167' title='bbox 542 2552 637 2628; x_wconf 89' lang='lat' dir='ltr'><strong>adhuc</strong></span> <span class='ocrx_word' id='word_1_168' title='bbox 664 2555 766 2632; x_wconf 90' lang='lat' dir='ltr'><strong>pueris</strong></span> <span class='ocrx_word' id='word_1_169' title='bbox 794 2555 864 2614; x_wconf 90' lang='lat' dir='ltr'><strong>usui</strong></span> <span class='ocrx_word' id='word_1_170' title='bbox 886 2553 975 2635; x_wconf 91' lang='lat' dir='ltr'><strong>foret,</strong></span> <span class='ocrx_word' id='word_1_171' title='bbox 1007 2555 1153 2615; x_wconf 89' lang='lat' dir='ltr'><strong>maiorum</strong></span> 
     </span>
     <span class='ocr_line' id='line_1_26' title="bbox 141 2641 1153 2723; baseline 0.001 -21"><span class='ocrx_word' id='word_1_172' title='bbox 141 2641 254 2704; x_wconf 90' lang='lat' dir='ltr'><strong>iudicio</strong></span> <span class='ocrx_word' id='word_1_173' title='bbox 273 2641 465 2723; x_wconf 79' lang='lat' dir='ltr'><strong>reiciebatur3</strong></span> <span class='ocrx_word' id='word_1_174' title='bbox 489 2644 533 2703; x_wconf 92' lang='lat' dir='ltr'><strong>sic</strong></span> <span class='ocrx_word' id='word_1_175' title='bbox 548 2641 770 2703; x_wconf 87' lang='lat' dir='ltr'><strong>adulescentum</strong></span> <span class='ocrx_word' id='word_1_176' title='bbox 785 2641 1064 2702; x_wconf 90' lang='lat' dir='ltr'><strong>declamatiunculas</strong></span> <span class='ocrx_word' id='word_1_177' title='bbox 1082 2661 1153 2722; x_wconf 93' lang='lat' dir='ltr'><strong>pan-</strong></span> 
     </span>
     <span class='ocr_line' id='line_1_27' title="bbox 142 2729 1194 2811; baseline -0.005 -21"><span class='ocrx_word' id='word_1_178' title='bbox 142 2733 190 2791; x_wconf 91' lang='lat' dir='ltr'><strong>nis</strong></span> <span class='ocrx_word' id='word_1_179' title='bbox 217 2729 370 2792; x_wconf 82' lang='lat' dir='ltr'><strong>textilibus</strong></span> <span class='ocrx_word' id='word_1_180' title='bbox 398 2738 604 2811; x_wconf 90' lang='lat' dir='ltr'><strong>comparantes</strong></span> <span class='ocrx_word' id='word_1_181' title='bbox 631 2730 842 2810; x_wconf 80' lang='lat' dir='ltr'><strong>intellegebant</strong></span> <span class='ocrx_word' id='word_1_182' title='bbox 868 2730 984 2810; x_wconf 85' lang='lat' dir='ltr'><strong>eloquia</strong></span> <span class='ocrx_word' id='word_1_183' title='bbox 1014 2733 1153 2792; x_wconf 86' lang='lat' dir='ltr'><strong>iuvenum</strong></span> <span class='ocrx_word' id='word_1_184' title='bbox 1169 2743 1194 2785; x_wconf 82' lang='lat' dir='ltr'><strong>ro</strong></span> 
     </span>
     <span class='ocr_line' id='line_1_28' title="bbox 141 2818 1153 2900; baseline 0.002 -22"><span class='ocrx_word' id='word_1_185' title='bbox 141 2819 319 2881; x_wconf 91' lang='lat' dir='ltr'><strong>laboriosius</strong></span> <span class='ocrx_word' id='word_1_186' title='bbox 351 2819 452 2881; x_wconf 85' lang='lat' dir='ltr'><strong>brevia</strong></span> <span class='ocrx_word' id='word_1_187' title='bbox 484 2819 609 2900; x_wconf 92' lang='lat' dir='ltr'><strong>produci</strong></span> <span class='ocrx_word' id='word_1_188' title='bbox 642 2838 729 2899; x_wconf 90' lang='lat' dir='ltr'><strong>quam</strong></span> <span class='ocrx_word' id='word_1_189' title='bbox 761 2826 898 2898; x_wconf 87' lang='lat' dir='ltr'><strong>porrecta</strong></span> <span class='ocrx_word' id='word_1_190' title='bbox 930 2818 1050 2880; x_wconf 87' lang='lat' dir='ltr'><strong>succidi.</strong></span> <span class='ocrx_word' id='word_1_191' title='bbox 1102 2820 1153 2880; x_wconf 91' lang='lat' dir='ltr'><strong>sed</strong></span> 
     </span>
    </p>
   </div>
   <div class='ocr_carea' id='block_1_8' title="bbox 140 3041 1236 3470">
    <p class='ocr_par' dir='ltr' id='par_1_9' title="bbox 140 3041 1236 3470">
     <span class='ocr_line' id='line_1_29' title="bbox 140 3041 1154 3114; baseline 0.003 -18"><span class='ocrx_word' id='word_1_192' title='bbox 140 3043 369 3114; x_wconf 83' lang='lat' dir='ltr'><strong>participandam</strong></span> <span class='ocrx_word' id='word_1_193' title='bbox 383 3043 456 3098; x_wconf 87' lang='grc' dir='ltr'><strong>ΝΜ</strong></span> <span class='ocrx_word' id='word_1_194' title='bbox 460 3043 512 3100; x_wconf 81' lang='lat' dir='ltr'><strong>OT</strong></span> <span class='ocrx_word' id='word_1_195' title='bbox 523 3046 532 3114; x_wconf 85' lang='grc' dir='ltr'><strong>ΙΙ</strong></span> <span class='ocrx_word' id='word_1_196' title='bbox 548 3049 581 3098; x_wconf 87' lang='grc'><strong>16</strong></span> <span class='ocrx_word' id='word_1_197' title='bbox 601 3044 808 3112; x_wconf 84' lang='lat' dir='ltr'><strong>consequuntur</strong></span> <span class='ocrx_word' id='word_1_198' title='bbox 824 3042 867 3112; x_wconf 73' lang='lat' dir='ltr'><strong>Ul}</strong></span> <span class='ocrx_word' id='word_1_199' title='bbox 881 3048 915 3096; x_wconf 78' lang='lat'><strong>20</strong></span> <span class='ocrx_word' id='word_1_200' title='bbox 933 3041 1018 3096; x_wconf 86' lang='lat' dir='ltr'><strong>ferias</strong></span> <span class='ocrx_word' id='word_1_201' title='bbox 1037 3041 1154 3098; x_wconf 90' lang='lat' dir='ltr'><strong>inhono-</strong></span> 
     </span>
     <span class='ocr_line' id='line_1_30' title="bbox 140 3115 1153 3184; baseline 0.003 -16"><span class='ocrx_word' id='word_1_202' title='bbox 140 3118 267 3170; x_wconf 81' lang='lat' dir='ltr'><strong>ratorum</strong></span> <span class='ocrx_word' id='word_1_203' title='bbox 286 3116 330 3184; x_wconf 78' lang='lat' dir='ltr'><strong>(foc</strong></span> <span class='ocrx_word' id='word_1_204' title='bbox 346 3131 400 3171; x_wconf 83' lang='lat' dir='ltr'><strong>ras.</strong></span> <span class='ocrx_word' id='word_1_205' title='bbox 415 3133 436 3170; x_wconf 83' lang='lat' dir='ltr'><strong>s.</strong></span> <span class='ocrx_word' id='word_1_206' title='bbox 452 3116 468 3170; x_wconf 89' lang='lat' dir='ltr'><strong>l.</strong></span> <span class='ocrx_word' id='word_1_207' title='bbox 485 3116 541 3184; x_wconf 89' lang='lat' dir='ltr'><strong>N¹)</strong></span> <span class='ocrx_word' id='word_1_208' title='bbox 560 3115 680 3170; x_wconf 84' lang='lat' dir='ltr'><strong>laudant</strong></span> <span class='ocrx_word' id='word_1_209' title='bbox 698 3115 732 3169; x_wconf 92' lang='lat' dir='ltr'><em>N</em></span> <span class='ocrx_word' id='word_1_210' title='bbox 735 3115 787 3170; x_wconf 81' lang='lat' dir='ltr'><strong>OT</strong></span> <span class='ocrx_word' id='word_1_211' title='bbox 803 3120 828 3169; x_wconf 86' lang='lat' dir='ltr'><strong>et</strong></span> <span class='ocrx_word' id='word_1_212' title='bbox 842 3115 949 3184; x_wconf 78' lang='lat' dir='ltr'><strong>portion</strong></span> <span class='ocrx_word' id='word_1_213' title='bbox 966 3115 998 3168; x_wconf 68' lang='lat' dir='ltr'><strong>aba</strong></span> <span class='ocrx_word' id='word_1_214' title='bbox 1015 3131 1070 3170; x_wconf 77' lang='lat' dir='ltr'><strong>ros.</strong></span> <span class='ocrx_word' id='word_1_215' title='bbox 1087 3132 1153 3184; x_wconf 82' lang='lat' dir='ltr'><strong>por-</strong></span> 
     </span>
     <span class='ocr_line' id='line_1_31' title="bbox 141 3184 1154 3256; baseline 0.003 -16"><span class='ocrx_word' id='word_1_216' title='bbox 141 3187 191 3241; x_wconf 82' lang='lat' dir='ltr'><strong>to‘m</strong></span> <span class='ocrx_word' id='word_1_217' title='bbox 213 3188 245 3240; x_wconf 79' lang='lat' dir='ltr'><strong>ia</strong></span> <span class='ocrx_word' id='word_1_218' title='bbox 266 3193 336 3256; x_wconf 80' lang='lat' dir='ltr'><strong>spat.</strong></span> <span class='ocrx_word' id='word_1_219' title='bbox 359 3203 418 3242; x_wconf 85' lang='lat' dir='ltr'><strong>ooo.</strong></span> <span class='ocrx_word' id='word_1_220' title='bbox 438 3187 503 3242; x_wconf 83' lang='lat' dir='ltr'><strong>odd.</strong></span> <span class='ocrx_word' id='word_1_221' title='bbox 522 3187 560 3242; x_wconf 85' lang='lat' dir='ltr'><strong><em>M</em></strong></span> <span class='ocrx_word' id='word_1_222' title='bbox 563 3188 572 3218; x_wconf 85' lang='lat'>¹</span> <span class='ocrx_word' id='word_1_223' title='bbox 595 3193 646 3242; x_wconf 79' lang='lat' dir='ltr'><strong>cat</strong></span> <span class='ocrx_word' id='word_1_224' title='bbox 663 3187 702 3240; x_wconf 91' lang='lat' dir='ltr'><strong><em>M</em></strong></span> <span class='ocrx_word' id='word_1_225' title='bbox 705 3187 723 3254; x_wconf 76' lang='lat'><strong>⁹,</strong></span> <span class='ocrx_word' id='word_1_226' title='bbox 742 3185 772 3238; x_wconf 91' lang='lat' dir='ltr'><strong>in</strong></span> <span class='ocrx_word' id='word_1_227' title='bbox 795 3184 884 3254; x_wconf 79' lang='lat' dir='ltr'><strong>frigus</strong></span> <span class='ocrx_word' id='word_1_228' title='bbox 902 3184 1041 3238; x_wconf 88' lang='lat' dir='ltr'><strong>honoravi</strong></span> <span class='ocrx_word' id='word_1_229' title='bbox 1064 3189 1154 3256; x_wconf 60' lang='lat'><em>(8128</em></span> 
     </span>
     <span class='ocr_line' id='line_1_32' title="bbox 141 3255 1155 3327; baseline 0.001 -16"><span class='ocrx_word' id='word_1_230' title='bbox 141 3257 193 3314; x_wconf 79' lang='lat' dir='ltr'><strong>litt.</strong></span> <span class='ocrx_word' id='word_1_231' title='bbox 212 3265 282 3323; x_wconf 86' lang='lat' dir='ltr'><strong>ooo.)</strong></span> <span class='ocrx_word' id='word_1_232' title='bbox 300 3256 386 3311; x_wconf 84' lang='lat' dir='ltr'><strong>lauda</strong></span> <span class='ocrx_word' id='word_1_233' title='bbox 411 3270 461 3327; x_wconf 79' lang='lat' dir='ltr'><strong>(sp.</strong></span> <span class='ocrx_word' id='word_1_234' title='bbox 477 3263 496 3312; x_wconf 84' lang='lat'><em>4</em></span> <span class='ocrx_word' id='word_1_235' title='bbox 514 3258 532 3312; x_wconf 88' lang='lat' dir='ltr'><strong>l.</strong></span> <span class='ocrx_word' id='word_1_236' title='bbox 546 3261 583 3326; x_wconf 88' lang='lat' dir='ltr'><strong>o.)</strong></span> <span class='ocrx_word' id='word_1_237' title='bbox 603 3258 639 3326; x_wconf 86' lang='lat' dir='ltr'><strong>L,</strong></span> <span class='ocrx_word' id='word_1_238' title='bbox 661 3257 692 3310; x_wconf 88' lang='lat' dir='ltr'><strong>in</strong></span> <span class='ocrx_word' id='word_1_239' title='bbox 713 3255 846 3326; x_wconf 79' lang='lat' dir='ltr'><strong>phrigiis3</strong></span> <span class='ocrx_word' id='word_1_240' title='bbox 869 3255 1070 3311; x_wconf 81' lang='lat' dir='ltr'><strong>honoratorum</strong></span> <span class='ocrx_word' id='word_1_241' title='bbox 1093 3258 1155 3312; x_wconf 85' lang='lat' dir='ltr'><strong>lau-</strong></span> 
     </span>
     <span class='ocr_line' id='line_1_33' title="bbox 142 3327 1236 3400; baseline 0.003 -19"><span class='ocrx_word' id='word_1_242' title='bbox 142 3327 212 3382; x_wconf 82' lang='lat' dir='ltr'><strong>dant</strong></span> <span class='ocrx_word' id='word_1_243' title='bbox 232 3329 277 3398; x_wconf 81' lang='lat' dir='ltr'><strong>Vll</strong></span> <span class='ocrx_word' id='word_1_244' title='bbox 291 3335 326 3383; x_wconf 79' lang='lat'><strong>23</strong></span> <span class='ocrx_word' id='word_1_245' title='bbox 344 3335 408 3384; x_wconf 81' lang='lat' dir='ltr'><strong>onte</strong></span> <span class='ocrx_word' id='word_1_246' title='bbox 427 3328 572 3398; x_wconf 83' lang='lat' dir='ltr'><strong>appetitus</strong></span> <span class='ocrx_word' id='word_1_247' title='bbox 591 3329 640 3400; x_wconf 71' lang='lat' dir='ltr'><strong>lep.</strong></span> <span class='ocrx_word' id='word_1_248' title='bbox 659 3328 742 3383; x_wconf 91' lang='lat' dir='ltr'><strong>huius</strong></span> <span class='ocrx_word' id='word_1_249' title='bbox 761 3327 836 3382; x_wconf 90' lang='lat' dir='ltr'><strong>enim</strong></span> <span class='ocrx_word' id='word_1_250' title='bbox 854 3329 886 3382; x_wconf 79' lang='lat' dir='ltr'><strong>o&#39;oa</strong></span> <span class='ocrx_word' id='word_1_251' title='bbox 901 3327 930 3396; x_wconf 85' lang='lat'><strong>0,</strong></span> <span class='ocrx_word' id='word_1_252' title='bbox 949 3327 1028 3382; x_wconf 90' lang='lat' dir='ltr'><strong>cuius</strong></span> <span class='ocrx_word' id='word_1_253' title='bbox 1042 3330 1074 3384; x_wconf 78' lang='lat' dir='ltr'><strong>to</strong></span> <span class='ocrx_word' id='word_1_254' title='bbox 1087 3329 1155 3398; x_wconf 85' lang='lat' dir='ltr'><strong>PF,</strong></span> <span class='ocrx_word' id='word_1_255' title='bbox 1234 3341 1236 3346; x_wconf 82' lang='grc'><em>’</em></span> 
     </span>
     <span class='ocr_line' id='line_1_34' title="bbox 140 3399 1153 3470; baseline 0.001 -15"><span class='ocrx_word' id='word_1_256' title='bbox 140 3407 268 3456; x_wconf 78' lang='lat' dir='ltr'><strong>neutram</strong></span> <span class='ocrx_word' id='word_1_257' title='bbox 286 3407 324 3456; x_wconf 82' lang='lat' dir='ltr'><strong>ost</strong></span> <span class='ocrx_word' id='word_1_258' title='bbox 341 3401 373 3454; x_wconf 77' lang='lat' dir='ltr'><strong>ta</strong></span> <span class='ocrx_word' id='word_1_259' title='bbox 389 3400 416 3454; x_wconf 86' lang='lat' dir='ltr'><strong><em>L</em></strong></span> <span class='ocrx_word' id='word_1_260' title='bbox 426 3400 492 3454; x_wconf 89' lang='lat' dir='ltr'><strong>VM</strong></span> <span class='ocrx_word' id='word_1_261' title='bbox 498 3401 530 3469; x_wconf 82' lang='lat' dir='ltr'><strong>T,</strong></span> <span class='ocrx_word' id='word_1_262' title='bbox 547 3402 595 3456; x_wconf 81' lang='lat' dir='ltr'><strong>eod</strong></span> <span class='ocrx_word' id='word_1_263' title='bbox 613 3399 692 3453; x_wconf 89' lang='lat' dir='ltr'><strong>euius</strong></span> <span class='ocrx_word' id='word_1_264' title='bbox 711 3400 774 3455; x_wconf 81' lang='lat' dir='ltr'><strong>add.</strong></span> <span class='ocrx_word' id='word_1_265' title='bbox 790 3401 821 3454; x_wconf 78' lang='lat' dir='ltr'><strong>ta</strong></span> <span class='ocrx_word' id='word_1_266' title='bbox 839 3416 925 3470; x_wconf 71' lang='lat' dir='ltr'><strong>moro.</strong></span> <span class='ocrx_word' id='word_1_267' title='bbox 940 3399 978 3454; x_wconf 87' lang='lat' dir='ltr'><strong><em>M</em></strong></span> <span class='ocrx_word' id='word_1_268' title='bbox 992 3405 1018 3456; x_wconf 86' lang='lat' dir='ltr'><strong>et</strong></span> <span class='ocrx_word' id='word_1_269' title='bbox 1035 3416 1055 3455; x_wconf 90' lang='lat' dir='ltr'><strong>s.</strong></span> <span class='ocrx_word' id='word_1_270' title='bbox 1072 3401 1089 3456; x_wconf 87' lang='lat' dir='ltr'><strong>l.</strong></span> <span class='ocrx_word' id='word_1_271' title='bbox 1105 3401 1131 3454; x_wconf 84' lang='lat' dir='ltr'><strong><em>T</em></strong></span> <span class='ocrx_word' id='word_1_272' title='bbox 1138 3403 1153 3456; x_wconf 85' lang='lat'><strong>¹.</strong></span> 
     </span>
    </p>
   </div>
   <div class='ocr_carea' id='block_1_9' title="bbox 78 3471 1253 3612">
    <p class='ocr_par' dir='ltr' id='par_1_10' title="bbox 78 3471 1253 3612">
     <span class='ocr_line' id='line_1_35' title="bbox 78 3471 1253 3542; baseline 0 -16"><span class='ocrx_word' id='word_1_273' title='bbox 78 3535 81 3542; x_wconf 29' lang='lat'><strong><em>¹</em></strong></span> <span class='ocrx_word' id='word_1_274' title='bbox 140 3473 243 3526; x_wconf 77' lang='lat' dir='ltr'><strong>maiore</strong></span> <span class='ocrx_word' id='word_1_275' title='bbox 262 3473 363 3526; x_wconf 75' lang='lat' dir='ltr'><strong>lacuna</strong></span> <span class='ocrx_word' id='word_1_276' title='bbox 382 3478 407 3526; x_wconf 83' lang='lat' dir='ltr'><strong>ei</strong></span> <span class='ocrx_word' id='word_1_277' title='bbox 424 3472 505 3539; x_wconf 73' lang='lat' dir='ltr'><strong>finem</strong></span> <span class='ocrx_word' id='word_1_278' title='bbox 524 3489 563 3542; x_wconf 80' lang='lat' dir='ltr'><strong>op.</strong></span> <span class='ocrx_word' id='word_1_279' title='bbox 578 3472 629 3526; x_wconf 90' lang='lat' dir='ltr'><strong>IV</strong></span> <span class='ocrx_word' id='word_1_280' title='bbox 643 3478 667 3526; x_wconf 85' lang='lat' dir='ltr'><strong>ct</strong></span> <span class='ocrx_word' id='word_1_281' title='bbox 688 3472 801 3527; x_wconf 66' lang='lat' dir='ltr'><strong>coltiaco</strong></span> <span class='ocrx_word' id='word_1_282' title='bbox 824 3471 938 3527; x_wconf 74' lang='lat' dir='ltr'><strong>allectos</strong></span> <span class='ocrx_word' id='word_1_283' title='bbox 956 3471 1083 3527; x_wconf 69' lang='lat' dir='ltr'><strong>hoedum</strong></span> <span class='ocrx_word' id='word_1_284' title='bbox 1101 3488 1155 3526; x_wconf 79' lang='lat' dir='ltr'><strong>ease</strong></span> <span class='ocrx_word' id='word_1_285' title='bbox 1250 3505 1253 3510; x_wconf 89' lang='lat'>·</span> 
     </span>
     <span class='ocr_line' id='line_1_36' title="bbox 139 3543 427 3612; baseline 0 -14"><span class='ocrx_word' id='word_1_286' title='bbox 139 3543 210 3598; x_wconf 79' lang='lat' dir='ltr'><strong>vidit</strong></span> <span class='ocrx_word' id='word_1_287' title='bbox 228 3543 405 3612; x_wconf 73' lang='lat' dir='ltr'><strong>Luetfobooon</strong></span> <span class='ocrx_word' id='word_1_288' title='bbox 418 3545 427 3610; x_wconf 89' lang='grc' dir='ltr'><strong>ΙΙ</strong></span> 
     </span>
    </p>
   </div>
   <div class='ocr_carea' id='block_1_10' title="bbox 0 0 1312 4030">
    <p class='ocr_par' dir='ltr' id='par_1_11' title="bbox 0 0 1312 4030">
     <span class='ocr_line' id='line_1_37' title="bbox 0 0 1312 4030; baseline 0 0"><span class='ocrx_word' id='word_1_289' title='bbox 0 0 1312 4030; x_wconf 95' lang='lat' dir='ltr'><strong> </strong></span> 
     </span>
    </p>
   </div>
  </div>
 </body>
</html>
