2636 4032
171 177 215 242 52
534 177 643 231 LIBER
661 176 821 232 TERTIUS.

171 345 248 407 mur,
272 326 390 407 quibus,
412 334 446 386 ut
468 328 667 407 recognoscis,
690 344 750 386 non
773 328 867 404 magis
891 326 974 386 cordi
997 333 1042 386 est
1066 334 1116 386 aut
1134 345 1185 385 vo-

171 415 278 495 luptati
301 434 371 494 ager
395 434 463 476 cum
485 415 632 476 reditibus
656 414 775 496 amplis,
803 433 892 494 quam
914 417 1030 475 vicinus
1054 414 1186 494 aequalis

173 524 241 566 cum
264 504 350 565 bonis
374 504 515 565 moribus.
553 504 625 565 vale.

601 805 761 813 -——-

218 1056 311 1130 (tal
339 1055 513 1128 SOLLII
542 1053 907 1128 APOLLINARIS
937 1053 1143 1160 siponti

432 1197 434 1200 ’
491 1197 877 1270 EPISTULARUM

529 1375 641 1436 LIBER
664 1374 832 1436 TERTIUS.

670 1566 694 1632 Ι.

387 1688 555 1745 SIDONIUS
574 1688 687 1744 AVITO
708 1689 775 1744 SUO
796 1688 976 1745 SALUTEM.

145 1821 157 1862 5
242 1802 268 1864 l.
291 1802 391 1863 Multis
415 1803 535 1882 quidem
558 1802 684 1864 vinculis
709 1805 841 1864 caritatis
861 1802 896 1863 ab
916 1806 1040 1864 ineunte
1060 1806 1191 1883 pueritia

172 1893 313 1974 quicquid
336 1893 471 1953 venimus
495 1895 527 1953 in
549 1886 732 1953 iuventutem
756 1895 867 1972 gratiae
887 1911 953 1953 sese
973 1901 1094 1954 mutuae
1113 1912 1189 1954 cura

171 1989 327 2062 nexuerat,
354 1983 498 2062 primum,
527 1984 596 2060 quia
618 1981 763 2042 matribus
793 1984 904 2041 nostris
929 2000 1043 2042 summa
1067 1985 1189 2060 sangui-

171 2074 218 2132 nis
242 2073 337 2131 iuncti
360 2070 562 2150 necessitudo3
587 2070 664 2150 dein,
688 2070 766 2150 qnod
788 2072 846 2150 ipsi
864 2070 980 2130 hisdem
999 2071 1189 2150 temporibus

170 2163 232 2221 nati
255 2161 406 2238 magistris
429 2160 485 2239 usi,
509 2157 623 2219 artibus
642 2161 772 2220 instituti
791 2158 905 2220 lusibus
926 2162 1018 2241 otiati,
1042 2163 1188 2240 principi-

131 2269 157 2308 1o
171 2249 226 2310 bus
256 2250 350 2308 evecti
378 2247 534 2325 stipendiis
563 2247 712 2327 perfuncti
740 2267 857 2330 sumus,
890 2255 933 2330 et,
966 2249 1045 2328 quod
1074 2257 1119 2309 est
1148 2249 1186 2310 ad

171 2338 315 2398 amicitias
338 2336 519 2416 ampliandas
541 2336 588 2396 bis
612 2336 736 2398 validius
760 2339 983 2418 efficaciusque,
1007 2341 1038 2398 in
1058 2336 1186 2417 singulis

171 2426 337 2507 quibusque
360 2428 496 2504 personis
524 2424 570 2487 vel
594 2427 766 2505 expetendis
790 2426 952 2506 aequaliter
975 2425 1021 2488 vel
1044 2427 1184 2488 cavendis

170 2516 273 2576 iudicii
297 2514 460 2599 “parilitate
502 2517 687 2576 certavimus
746 2515 776 2577 2.
813 2524 935 2595 propter
972 2535 1046 2596 quae
1085 2519 1185 2576 omnia

169 2611 288 2684 praeter
312 2606 531 2684 conscientiam,
555 2623 629 2684 qnae
653 2607 779 2666 interius
803 2604 859 2665 tibi
877 2604 963 2684 longe
983 2607 1184 2684 praestantior

131 2711 156 2752 15
171 2696 416 2774 eminentiorque,
444 2692 569 2754 multum
592 2692 757 2754 voluntates
781 2700 898 2754 nostras
922 2693 1109 2773 copulaverat
1133 2693 1185 2754 de-

170 2800 324 2845 cursarum
342 2783 508 2843 lorinsecus
528 2785 677 2844 actionum
697 2782 867 2842 similitudo.
905 2783 966 2863 sed,
990 2783 1069 2862 quod
1089 2783 1184 2843 laten-

70 2913 75 2923 ·
170 2873 321 2951 domest,
350 2872 402 2932 diu
425 2874 532 2933 erectis
556 2875 706 2950 utrimque
730 2874 838 2931 amoris
863 2871 1007 2932 machinis
1031 2874 1096 2952 ipse
1121 2871 1183 2932 oul-

170 2964 249 3021 mina
272 2963 402 3041 pretiosa
424 2963 551 3040 posuisti
579 2959 734 3021 ecclesiam
757 2960 882 3021 Arverni
909 2961 1107 3042 municipioli,
1135 2963 1186 3021 cui

169 3053 369 3131 praepositus,
399 3052 456 3110 etsi
478 3052 631 3130 inmerito,
662 3049 776 3129 videor,
806 3057 1006 3128 peroportuna
1035 3049 1186 3110 oblatione

130 3161 157 3200 so
170 3138 389 3220 locupletando,
420 3141 504 3200 ouius
532 3140 717 3218 possessioni
744 3137 906 3218 plurimum
929 3138 1082 3212 contulisti
1105 3137 1188 3199 Cuti-
1298 3193 1302 3202 .

173 3229 318 3288 ciacensis
345 3227 460 3307 praedii
488 3227 725 3308 suburbanitate,
757 3245 818 3287 non
849 3230 948 3290 minus
977 3235 1097 3288 nostrae
1116 3245 1189 3312 pro-

172 3316 310 3377 fessionis
325 3317 540 3378 fraternitatem
555 3316 613 3377 loci
631 3318 819 3396 proximitate
839 3317 975 3396 dignatus
991 3317 1085 3378 ditare
1101 3335 1191 3396 quam

245 3543 261 3591 8
279 3537 391 3592 hisdem
410 3540 510 3609 LNT,
529 3539 620 3594 isdem
639 3541 771 3610 11101116
790 3539 942 3595 multitudo
962 3541 989 3594 L
1002 3543 1011 3610 ΙΙ
