2636 4032
274 199 443 256 SIDONIUS
461 199 683 256 APOLLINARI
702 201 770 257 SUO
790 201 968 258 SALUTEM.
1086 202 1126 266 'II

111 353 282 430 turissime,
313 353 339 410 si
365 368 420 429 per
443 358 552 411 statum
575 350 728 429 publicum
751 351 851 432 liceat,
879 355 1009 432 cupiens.
1056 372 1128 432 quo-

112 442 208 520 circa,
230 441 291 500 nisi
314 439 497 500 desiderium
520 458 621 500 meum
644 440 762 501 videtur
781 459 953 521 onerosum,
977 449 1128 502 remeante

112 530 254 608 praelato,
266 529 335 588 liam
353 527 486 588 locorum
506 536 673 590 vestrorum
692 537 722 590 et
740 536 909 609 temporum
922 549 1040 609 gnarus.
1072 538 1130 592 stat

112 619 264 680 sententia
287 617 411 678 eluctari
436 619 586 697 oppositas
606 621 787 698 priuatarum
807 622 1034 698 occupationum
1053 619 1129 680 dilli-

111 707 241 769 cultates
255 713 286 766 et
300 704 521 785 conplectendis
536 708 707 787 pectoribus
716 709 823 768 vestris
838 707 999 787 quamlibet
1009 708 1130 788 longum
1157 725 1170 767 a

112 797 248 858 officium
276 795 432 877 deputare,
460 798 486 857 si
513 802 626 877 tamen,
654 795 732 875 quod
760 799 849 857 etiam
877 815 956 857 nunc
983 816 1130 878 veremur,

112 904 175 946 non
203 887 248 945 vis
275 887 370 944 maior
398 886 541 964 disposita
569 885 737 946 confundat.
784 884 812 948 3.
837 904 912 965 quae
935 904 987 946 vos
1011 905 1129 966 quoque

113 993 177 1035 non
205 973 415 1054 perindignum
438 981 485 1035 est
507 992 576 1034 cum
599 975 689 1035 lratre
712 974 862 1056 Faustino,
885 983 974 1054 prout
996 982 1130 1054 tempora

114 1071 249 1145 monent,
270 1069 398 1124 tractatu
422 1066 637 1124 communicato
661 1063 834 1125 deliberare.
876 1063 966 1142 quem
988 1083 1042 1142 ego
1062 1067 1131 1143 qnia

114 1153 218 1234 diligo,
240 1160 392 1231 tamquam
415 1155 467 1232 qui
488 1171 537 1213 me
561 1152 664 1231 diligat
686 1155 767 1213 misi:
792 1156 818 1213 si
836 1152 996 1232 respondet
1019 1153 1129 1214 iudicio
1145 1171 1170 1210 10

115 1261 194 1323 meo,
218 1242 326 1321 gratias
351 1259 418 1322 ag03
442 1260 531 1321 porro
555 1248 654 1302 autem
673 1259 741 1302 cum
759 1243 804 1301 vir
822 1241 918 1303 bonus
938 1241 973 1302 ab
993 1242 1131 1302 omnibus

115 1338 284 1412 censeatur,
308 1348 368 1391 non
387 1337 433 1391 est
450 1331 538 1391 homo
558 1333 653 1411 peior,
676 1333 702 1391 si
720 1349 780 1391 non
799 1338 844 1391 est
863 1333 1000 1410 optimus,
1028 1331 1131 1392 valete.

605 1557 645 1623 V.

328 1677 496 1734 SIDONIUS
515 1678 631 1734 FELIOI
651 1678 918 1735 SUO-SALUTEM.

189 1789 216 1853 1.
235 1792 326 1853 Iterat
343 1794 519 1871 portitorem
534 1793 719 1854 salutationis
739 1795 877 1866 iteratio:
888 1793 1010 1854 Gozolas
1024 1800 1132 1873 vester,

117 1883 195 1943 deus
222 1881 333 1942 tribuat
355 1889 389 1941 ut
411 1889 526 1963 noster,
554 1884 671 1962 apicum
697 1901 833 1942 meorum
856 1883 987 1942 secundo
1011 1881 1132 1961 gerulus
1148 1897 1173 1938 15

118 1972 257 2032 efficitur.
303 1973 395 2049 igitur
418 1971 627 2032 verecundiam
650 1974 769 2050 utrique
790 1973 908 2031 eximite
932 1989 1133 2051 communem,

118 2079 190 2121 nam
214 2063 240 2121 si
264 2061 427 2120 etiamnum
451 2059 539 2120 silere
562 2061 758 2140 meditemini,
782 2079 884 2120 omnes
908 2067 938 2122 et
960 2079 1008 2120 me
1032 2063 1081 2120 cui
1104 2067 1134 2120 et

118 2149 206 2210 illum
228 2167 282 2228 per
306 2167 395 2227 quem
418 2149 552 2210 scribere
576 2149 704 2210 debebas
727 2150 883 2229 indignum
902 2149 1133 2210 arbitrabuntur.

119 2237 151 2299 2.
176 2239 212 2298 de
235 2245 404 2317 temporum
428 2245 506 2299 statu
529 2240 587 2299 iam
610 2238 685 2299 nihil
708 2246 741 2299 ut
763 2241 847 2318 prius
871 2238 1006 2320 consulo,
1033 2257 1071 2298 ne
1095 2241 1134 2298 sil

119 2326 256 2387 moribus
283 2329 343 2387 tuis
371 2329 471 2408 oneri,
499 2329 525 2386 si
553 2315 675 2388 adversa
703 2329 868 2410 significes,
897 2348 965 2389 cum
991 2341 1174 2408 prosperato

119 2434 182 2476 non
210 2423 381 2494 sequantur.
427 2435 494 2477 nam
523 2435 591 2478 curm
619 2427 649 2476 te
677 2435 737 2476 non
765 2416 868 2478 deceat
895 2417 967 2477 salsa
994 2416 1134 2477 mandare

120 2513 209 2584 atque
239 2507 312 2565 item
339 2505 439 2565 desint
466 2503 562 2566 uotiua
587 2512 764 2586 memoratu,
792 2507 873 2585 logio
897 2505 1038 2585 quicquid
1062 2503 1134 2565 illud

119 2594 192 2654 mali
216 2601 261 2654 est
283 2612 338 2673 per
360 2593 506 2655 bonorum
530 2594 640 2655 indicia
664 2612 852 2674 cognoscere.
890 2595 960 2655 vale.

536 2773 538 2778 ’
600 2803 656 2869 ul.

284 2923 451 2980 SIDONIUS
469 2924 690 2980 APOLLINARI
709 2925 777 2981 SUO
798 2924 974 2980 SALUTEM.

193 3035 220 3100 1.
249 3039 305 3099 Per
327 3038 502 3100 Faustinum
529 3041 691 3100 antistitem
718 3058 778 3099 non
806 3041 905 3099 minus
931 3038 1003 3098 mibi
1025 3039 1135 3097 veteris
1150 3047 1175 3089 25

123 3128 314 3190 contubernii
333 3128 485 3189 sodalitate
505 3147 594 3206 quam
611 3146 704 3188 novae
718 3128 913 3208 professionis
928 3128 1135 3187 communione

198 3287 230 3334 10
249 3281 300 3349 qui
316 3299 338 3336 e.
353 3282 370 3338 l.
385 3283 449 3336 odd.
465 3281 565 3350 ΜΨ,
582 3299 632 3336 ooo.
648 3281 714 3336 ΕΝ
722 3283 732 3350 l
752 3287 784 3334 12
799 3280 862 3334 vale
877 3280 989 3349 ΜΟΤΙΙ
1006 3285 1037 3334 13
1051 3281 1136 3336 laser.

124 3369 176 3407 om.
195 3353 222 3406 L
249 3355 258 3422 ΙΙ
288 3358 320 3406 18
340 3352 463 3406 debebas
487 3351 526 3421 L,
550 3353 679 3406 debeatis
702 3351 737 3423 (ti
758 3370 779 3407 e.
800 3353 817 3407 l.
842 3353 905 3407 odd.
925 3353 958 3406 N
960 3353 1018 3420 ¹)N
1021 3351 1115 3406 MTO'
1128 3352 1137 3422 ll

125 3430 160 3478 22
180 3422 274 3478 desini
297 3425 364 3479 VM
367 3424 425 3492 Te,
445 3440 509 3478 cum
527 3422 584 3476 sint
602 3423 629 3478 L
646 3431 672 3479 et
691 3428 771 3492 (corr.
791 3425 823 3478 ia
841 3422 934 3477 desint
952 3424 987 3478 N
987 3424 996 3454 ¹
1014 3429 1064 3478 out
1082 3423 1116 3478 N
1116 3425 1136 3489 ²)

124 3496 158 3549 N
161 3495 175 3562 ‚·’
194 3501 259 3564 poet
280 3493 349 3548 item
367 3497 454 3550 deesse
470 3496 544 3550 uelut
562 3493 711 3565 ancipitia,
729 3493 862 3564 ambigua
879 3496 1036 3564 coeptantem
1053 3493 1137 3550 Iacet-

121 3567 234 3636 p'oboan
249 3569 253 3636 1
269 3565 439 3621 memoratui
459 3567 545 3621 Vottc.
560 3570 631 3622 3421
649 3569 653 3635 Ι
669 3565 741 3621 illud
754 3584 805 3622 om.
822 3565 846 3621 0
855 3569 864 3637 ll
879 3573 913 3621 24
931 3567 1013 3622 inem.
1028 3583 1078 3622 om.
1093 3565 1138 3638 ΒΗ
