2660 4030
182 169 247 234 134
543 166 653 222 LIBER
671 165 817 222 SEXTUS.

179 324 263 398 gesta
291 323 374 397 sunt,
405 335 462 378 nec
489 315 526 376 ob
553 316 610 377 hoc
637 314 739 377 dubito
767 316 867 377 audita
893 315 1020 376 fidenter
1047 333 1207 396 asserere,

180 409 250 486 quia
272 424 332 466 non
353 423 459 486 parum
480 404 555 466 mihi
573 407 703 466 intumos
722 411 821 487 agrmt,
844 404 952 483 quibus
970 411 1017 465 est
1035 407 1099 485 ipse
1119 407 1205 465 satis

179 497 321 557 intumus.
366 494 456 555 buius
482 496 573 574 igitur
594 501 727 554 teneram
755 495 896 574 frontem,
923 494 998 554 dura
1023 494 1206 555 rudimenta

181 583 368 665 commend03
392 591 430 666 et,
454 585 522 663 quia
545 601 654 643 nomen
677 581 810 643 eiusdem
828 581 973 643 lectorum
991 600 1088 663 nuper
1106 581 1203 644 albus

153 675 307 755 occoepit,
333 674 494 752 agnoscitis
520 672 691 752 profecturo
720 673 777 731 ciri
802 689 851 731 me
881 670 1051 752 epistulam,
1081 670 1202 732 clerico

179 761 318 823 debuisse
336 763 504 842 formatam,
524 779 612 840 quem
630 760 803 840 propediem
822 778 883 820 non
900 761 1011 821 iniuria
1029 778 1099 821 reor
1113 778 1203 821 mer-

179 858 310 912 catorem
333 849 520 931 splendidum
543 851 615 930 lore,
638 851 665 910 si
686 849 756 909 hinc
775 849 811 909 ad
830 855 928 910 restra
947 848 1090 928 obsequia
1108 849 1200 910 lesti-

178 958 254 1001 nans
277 939 438 1018 Frigoribus
462 939 588 1000 sontium
611 940 775 999 civicorum
798 955 886 1017 saepe
909 938 1022 999 iontem
1044 933 1200 1018 †merca-

178 1028 294 1091 toribus
313 1028 465 1090 anteierat.
489 1045 603 1088 memor
620 1029 717 1088 nostri
735 1044 801 1088 esse
821 1026 952 1109 dignare,
970 1026 1089 1087 domine
1107 1045 1198 1108 papa.

656 1288 713 1354 IX.

139 1435 165 1476 10
295 1410 462 1467 SIDONIUS
479 1410 624 1468 DOMINO
642 1409 761 1466 PAPAE
780 1409 876 1465 LUPO
897 1408 1075 1467 SALUTEM.

246 1524 275 1587 1.
301 1525 353 1586 Vir
375 1528 434 1587 iam
455 1525 599 1586 honestus
622 1523 735 1605 Gallus,
758 1526 827 1602 quia
850 1526 951 1586 iussus
974 1523 1011 1584 ad
1034 1525 1197 1602 coniugem

179 1615 278 1677 redire
301 1633 362 1676 non
385 1614 509 1696 distulit,
531 1614 697 1675 litterarum
720 1631 854 1674 mearum
873 1612 1057 1693 obsequium,
1080 1620 1198 1674 vestra-

179 1723 246 1766 rum
268 1711 403 1784 reportat
424 1704 571 1765 effectum.
617 1704 666 1764 cui
689 1720 756 1763 cum
779 1703 900 1782 pagina,
922 1720 1011 1781 quam
1033 1703 1197 1783 miseratiS,

179 1801 378 1875 reseraretur,
406 1799 539 1855 actutum
566 1798 761 1871 compunctus
785 1791 930 1869 ingemuit
952 1790 1196 1870 destinatamque

139 1906 166 1948 15
178 1901 240 1944 non
258 1883 294 1944 ad
313 1902 360 1945 me
380 1881 537 1962 epistulam
556 1880 608 1942 sed
627 1883 659 1940 in
673 1898 705 1940 se
720 1882 898 1940 sententiam
912 1879 1061 1940 iudicavit.
1091 1882 1196 1958 itaque

179 1973 336 2035 confestim
370 1973 428 2032 iter
459 1973 492 2030 in
523 1971 649 2050 patriam
681 1969 840 2048 spopondit
872 1969 1025 2030 adornavit
1056 1970 1195 2047 arripuit

179 2080 268 2141 quem
299 2079 354 2122 nos
386 2066 510 2139 propter
540 2058 617 2119 banc
649 2060 744 2137 ipsam
776 2057 977 2137 paenitudinis
1009 2055 1196 2118 celeritatem

178 2168 239 2211 non
267 2150 447 2228 increpative
476 2148 528 2208 sed
556 2145 751 2208 consolatorie
780 2150 879 2226 potius
907 2144 1084 2225 compellare
1108 2164 1195 2207 cura-

178 2241 289 2318 vimus,
325 2239 394 2317 quia
430 2239 610 2297 vicinaretur
645 2237 832 2297 innocentiae
867 2235 1004 2296 testinata
1036 2237 1194 2297 correctio.

138 2353 164 2392 ao
179 2325 208 2388 2.
236 2345 334 2406 neque
362 2327 441 2386 enim
469 2328 625 2405 quisquam
652 2327 742 2385 etiam
769 2324 828 2385 sibi
854 2324 930 2385 bene
958 2325 1097 2385 conscius
1124 2323 1193 2402 plus

179 2417 277 2476 facere
299 2416 508 2496 praesumpsit,
530 2416 557 2474 si
581 2416 647 2493 quis
670 2420 770 2474 tamen
792 2419 907 2475 vestrae
927 2414 1124 2492 correptionis
1144 2431 1193 2473 or-

177 2505 271 2566 bitam
297 2522 358 2565 non
385 2503 520 2586 reliquit,
552 2505 661 2583 quippe
690 2520 758 2562 cum
787 2520 821 2562 ea
849 2504 925 2583 ipsa,
953 2519 1028 2581 quae
1056 2501 1193 2583 legimus,

177 2596 327 2675 parcentis
346 2592 435 2653 verba
454 2609 597 2653 censurae
616 2609 753 2652 maxuma
768 2590 983 2652 emendationis
1002 2592 1192 2652 incitamenta

178 2685 247 2744 sint.
293 2700 361 2743 nam
389 2682 459 2761 quid
489 2687 588 2760 potest
615 2699 681 2741 esse
710 2681 913 2758 castigationis
939 2679 1065 2741 huiusce
1087 2686 1190 2741 tenore

139 2796 165 2837 aa
178 2774 349 2853 pretiosius,
371 2773 405 2832 in
428 2788 485 2850 qua
507 2769 583 2830 torte
606 2776 727 2849 peccato
751 2771 867 2830 animus
890 2786 978 2846 aeger
996 2770 1130 2848 repperit
1147 2771 1190 2829 in-

178 2865 327 2923 trinsecus
351 2860 526 2940 remedium,
550 2877 617 2920 cum
637 2876 698 2919 non
720 2857 831 2918 valeret
852 2859 1038 2918 extrinsecus
1058 2858 1189 2918 invenire

250 3109 266 3156 2
285 3102 387 3157 intumi
406 3103 561 3173 suggerunt
579 3102 730 3156 Momasson
750 3102 755 3169 1
775 3101 819 3154 est
839 3099 876 3153 M
881 3097 909 3166 0,
930 3099 959 3153 et
977 3099 1012 3168 L,
1032 3100 1075 3154 est
1094 3100 1123 3153 et
1142 3100 1189 3170 Τ1
1300 3149 1301 3154 ,

179 3179 196 3228 6
215 3173 276 3230 cive
294 3174 321 3228 L
339 3178 349 3244 1
369 3179 385 3228 8
404 3172 606 3228 mercatoribus
626 3171 683 3227 Lo
698 3178 723 3227 et
742 3175 823 3239 (corr.
841 3172 874 3224 e'a
891 3169 1073 3224 medicatoris
1092 3170 1187 3252 NpN,

178 3244 343 3302 mercatoris
362 3246 405 3314 M,
422 3247 469 3300 sed
486 3261 505 3300 c.
527 3246 544 3299 l.
563 3261 618 3300 aas.
637 3250 685 3311 eet,
701 3241 868 3296 mediatoris
886 3245 919 3306 (s.
939 3241 956 3297 l.
976 3242 1041 3298 odd.
1060 3241 1079 3297 i.
1097 3243 1140 3296 tm
1159 3243 1187 3311 Τ,
1301 3271 1302 3276 1

179 3316 281 3372 caloris
300 3316 343 3370 tui
361 3317 440 3386 Leoll
457 3320 488 3369 15
504 3321 568 3385 post
584 3313 615 3368 in
637 3331 666 3369 se
690 3315 738 3384 lep.
757 3312 899 3383 prolatam
916 3312 948 3366 e‘n
966 3312 998 3367 F
1009 3315 1019 3381 1
1032 3317 1065 3366 21
1085 3327 1188 3367 correc-
1301 3321 1302 3340 ¹

178 3387 265 3443 tionis
285 3389 311 3442 T
322 3392 331 3459 11
345 3391 380 3441 23
397 3403 529 3442 maxum
546 3403 603 3457 epo,
622 3400 770 3439 maxumae
788 3386 830 3440 cel
847 3383 989 3437 maximae
1008 3385 1084 3440 codd.
1102 3386 1106 3454 1
1122 3382 1187 3438 inci·

179 3460 307 3514 tamenta
323 3475 409 3528 cepoe
427 3459 465 3512 acl
483 3456 678 3524 castigationis
698 3473 747 3511 om.
769 3455 870 3526 0124
889 3454 946 3508 sint
964 3455 1003 3523 L,
1026 3456 1092 3509 sunt
1111 3459 1188 3524 (corr.

181 3547 213 3558 Μ
232 3529 291 3583 unc
308 3528 505 3597 N¹)NVMT
517 3531 526 3596 11
540 3531 574 3582 25
593 3544 648 3596 quo
670 3527 693 3582 0
703 3530 712 3597 11
