2628 4034
531 175 684 232 OARMEN
703 177 736 233 V.
1077 176 1143 242 263

215 333 246 388 et
269 343 344 405 quos
366 328 471 407 vincis,
494 333 580 388 amat.
625 333 706 388 totus
730 326 868 387 dormitat
892 327 927 387 ad
951 329 1042 388 istum

215 433 339 494 magnus
361 414 535 495 Alexander,
558 417 650 494 patris
675 433 763 495 quem
787 415 879 493 gloria
902 418 997 476 torsit.

217 504 288 583 quid
311 504 416 566 faciam
439 501 564 566 infelix?
587 511 655 564 nato
680 522 754 583 qnae
778 522 868 583 regna
891 503 1000 583 parabo

216 593 335 654 exclusa
359 595 486 672 sceptris
510 591 631 675 Geticis,
655 592 824 672 respublica
849 595 874 654 si
897 612 944 653 me

141 694 197 745 205
215 684 358 761 praeterit
382 689 411 742 et
433 701 541 761 parvus
566 701 655 761 super
678 683 734 742 hoc
758 680 939 743 Gaudentius
962 683 1052 744 huius

216 770 345 832 calcatur
369 768 459 832 fatis?
482 773 572 832 istum
595 773 654 832 iam
679 769 769 832 Gallia
793 770 892 831 laudat

217 859 355 940 quodque
378 878 432 939 per
454 859 604 939 Europam
622 866 675 920 est.
719 859 825 938 rigidis
843 860 922 920 hunc
941 858 1035 920 abluit
1052 859 1142 920 undis

215 947 350 1030 Rhenus,
379 949 465 1030 drar,
497 948 671 1030 Rhodanus,
702 948 796 1028 Mosa,
823 948 969 1029 Matrona,
997 949 1143 1031 Sequana,

978 1036 1086 1118 Ledus,

216 1125 309 1208 Clitis,
332 1125 437 1207 Elaris,
460 1126 542 1209 Atax,
566 1125 692 1207 Vacalis3
716 1125 905 1206 Ligerimque
928 1125 1052 1205 bipenni

143 1227 197 1277 210
217 1217 349 1275 excisum
373 1233 427 1293 per
450 1216 544 1276 frusta
567 1214 650 1276 bibit.
697 1234 764 1276 cum
787 1214 862 1276 bella
886 1217 1025 1276 timentes

215 1303 348 1364 defendit
370 1303 514 1385 Turonos,
537 1304 655 1386 aberas3
678 1312 746 1383 post
768 1311 900 1383 tempore
925 1322 1016 1383 parvo

215 1395 369 1472 pugnastis
392 1395 513 1473 pariter,
536 1391 668 1454 Francus
692 1412 749 1472 qua
772 1392 854 1454 Cloio
878 1400 1013 1472 patentes

219 1480 391 1543 Atrebatum
414 1489 510 1542 terras
533 1489 711 1561 pervaserat.
757 1483 805 1542 hio
829 1489 971 1543 coeuntes

216 1569 391 1631 claudebant
415 1579 537 1649 angusta
561 1573 623 1632 vias
646 1589 775 1650 arcuque
800 1570 954 1632 subactum

143 1671 196 1720 215
215 1661 312 1720 vicum
336 1658 477 1720 Helenam
500 1659 669 1739 flumenque
693 1658 781 1720 simul
805 1659 860 1721 suh
883 1661 1001 1721 tramite
1025 1659 1113 1738 longo

217 1755 299 1808 artus
323 1751 484 1828 suppositis
507 1748 642 1810 trabibus
665 1750 869 1809 transmiserat
892 1766 989 1827 agger.

217 1834 278 1896 illic
300 1844 330 1898 te
353 1840 450 1916 posito
473 1837 622 1917 pugnabat
644 1845 733 1917 ponte
758 1836 814 1899 sub
838 1840 903 1916 ipso
970 1901 975 1914 ,

215 1924 394 1987 Maiorianus
418 1945 517 2006 eques.
563 1928 624 1988 fors
648 1929 729 2006 ripae
753 1925 827 1988 colle
850 1927 1018 2006 propinquo

216 2012 389 2075 barbaricus
413 2014 570 2077 resonabat
591 2016 699 2097 hymen
723 2015 927 2096 Scythicisque
952 2015 1069 2076 choreis

146 2115 199 2164 220
218 2101 348 2163 nubebat
370 2103 444 2163 flavo
469 2104 574 2164 similis
598 2123 672 2165 nova
695 2111 786 2184 nupta
809 2107 925 2165 marito.

217 2191 272 2252 hos
296 2209 376 2273 ergo,
399 2199 433 2252 ut
455 2192 620 2274 perhibent,
644 2196 760 2275 stravit;
785 2192 948 2273 crepitabat
971 2194 1006 2253 ad
1030 2195 1108 2253 ictus

218 2282 310 2341 cassis
334 2288 364 2341 et
387 2283 532 2360 oppositis
555 2282 705 2342 hastarum
728 2281 852 2344 verbera
874 2283 979 2344 thorax

216 2368 335 2430 arcebat
357 2371 498 2450 squamis,
521 2369 615 2430 donee
638 2389 779 2431 conversa
802 2371 919 2450 fugatus

214 2459 309 2519 hostis
331 2465 415 2538 terga
438 2457 532 2540 dedit3
555 2457 695 2537 plaustris
719 2459 840 2520 rutilare
864 2460 981 2520 videres

145 2559 196 2608 225
215 2546 364 2608 barbarici
386 2566 458 2626 vaga
482 2547 556 2608 festa
579 2549 637 2607 tori
661 2549 852 2627 coniectaque
876 2550 988 2627 passim

215 2635 326 2698 fercula
349 2639 538 2716 captivasque
562 2636 652 2715 dapes
676 2638 813 2715 cirroque
836 2635 973 2697 madente

215 2724 293 2786 ferre
318 2733 473 2787 coronatos
497 2725 660 2786 redolentia
684 2731 763 2786 serta
786 2724 906 2786 lebetas.

215 2813 297 2874 ilicet
319 2816 461 2875 increscit
482 2814 597 2876 Mavors
620 2812 800 2893 thalamique
823 2813 962 2892 refringit

215 2902 282 2982 plus
306 2903 413 2964 ardens
437 2902 556 2964 Bellona
580 2903 672 2984 faces3
696 2905 774 2982 rapit
797 2902 900 2963 esseda
924 2905 1018 2963 victor

144 3003 195 3054 230
214 2991 435 3071 nubentemque
459 3011 576 3052 nurum.
621 3011 682 3053 non
706 2994 748 3052 sio
771 2990 939 3052 Pholoetica
961 2998 1095 3052 monstra

216 3087 304 3160 atque
327 3080 530 3142 Pelethronios
554 3081 693 3160 Lapithas
717 3080 881 3141 Semeleius
904 3079 985 3140 Euan

214 3171 343 3251 miscuit,
366 3168 542 3232 Haemonias
566 3169 637 3231 dum
660 3170 811 3230 flammant
834 3171 915 3247 orgia
938 3175 1049 3230 matres

196 3399 248 3448 203
268 3395 355 3462 gnato
374 3395 412 3448 M
421 3399 430 3462 l
445 3399 497 3448 204
516 3411 533 3449 a
552 3393 670 3464 sceptris
689 3395 726 3448 Μ
736 3397 745 3462 ΙΙ
763 3397 815 3448 205
833 3391 954 3462 proterit
974 3393 1140 3458 Guetosaaore

128 3463 137 3530 ΙΙ
154 3470 204 3519 209
224 3463 302 3518 olitis
321 3467 470 3544 Beroeosr'a
494 3472 520 3522 et
537 3466 687 3522 Parisinus
704 3469 808 3535 278211
829 3469 880 3519 210
899 3464 1004 3518 frustra
1023 3464 1143 3520 OPTF

128 3535 137 3607 ll
154 3540 203 3589 212
223 3535 326 3590 francis
347 3537 401 3592 ΟΡ
409 3538 437 3606 Τ,
456 3535 540 3593 fracia
560 3537 591 3592 F
603 3540 613 3608 ΙΙ
627 3542 677 3593 226
696 3535 823 3607 captivas
842 3538 935 3591 vestes
954 3536 1047 3592 PTF
1058 3538 1067 3606 ΙΙ
