2610 4056
542 211 694 266 CARMEN
711 212 746 268 II.
1086 213 1151 278 253

224 369 274 422 aut
296 362 386 440 periit
409 363 452 421 sic
476 367 593 441 emptus
617 380 703 442 ager3
724 364 751 423 si
773 361 855 443 fallo,
878 361 1025 443 probasti,

224 450 361 511 Ventidio
384 456 509 510 mactate
534 450 636 530 Sapor.
682 469 738 512 nec
762 451 872 512 suflicit
894 451 988 512 istud:

224 539 379 600 Armenias
401 538 587 618 Pontumque
612 539 694 620 dedi,
717 557 775 620 quo
799 539 892 600 Marte
915 541 1054 621 petitum,

225 629 304 689 dicat
327 627 405 706 Sylla
428 627 496 708 tibi;
520 628 620 689 forsan
643 646 703 688 non
727 627 860 689 creditur
883 631 948 689 uni:

154 728 206 778 400
226 715 347 777 consule
370 715 534 778 Lucullum.
580 724 663 778 taceo
687 719 746 778 iam
770 717 909 796 Cycladas
933 735 1051 778 omnes:

225 805 370 884 adquisita
394 823 461 866 meo
485 808 577 867 servit
598 805 654 866 tibi
677 806 765 867 Creta
787 805 913 867 Metello.

224 896 400 973 transcripsi
423 893 543 955 Cilicas:
566 896 620 955 hos
643 893 766 974 Magnus
789 894 906 957 luderet
928 895 1007 955 olim.

226 983 321 1044 adieci
344 982 459 1064 Syriae,
483 1001 558 1062 quos
581 1001 661 1044 nunc
684 983 864 1064 moderaris,
887 983 1021 1045 Isauros:

225 1071 280 1132 hos
303 1090 421 1151 quoque
445 1071 500 1133 snb
524 1075 635 1133 nostris
659 1073 773 1134 domuit
796 1072 938 1134 Servilius
962 1075 1061 1132 armis.

155 1172 207 1223 465
227 1163 364 1221 concessi
384 1160 503 1221 Aetolos
526 1168 643 1222 veteres
665 1161 862 1240 Acheloiaque
887 1179 968 1242 arva,

226 1249 373 1310 transfudi
395 1249 554 1310 Attalicum
576 1249 652 1310 male
675 1250 795 1311 credula
818 1257 1041 1330 testamentum,

225 1337 349 1417 Epirum
372 1340 498 1398 retines:
521 1346 554 1399 tu
578 1341 650 1420 scis,
674 1341 723 1400 cui
746 1338 852 1400 debeat
874 1338 954 1400 illam

225 1425 363 1506 Pyrrhus
409 1429 440 1487 in
464 1426 613 1507 Illyricum
637 1434 738 1507 specto
761 1434 790 1488 te
814 1430 932 1488 mittere
956 1430 1021 1489 iura

226 1534 261 1576 ac
283 1516 429 1577 Macetum
451 1522 561 1577 terras:
585 1523 614 1577 et
636 1516 729 1578 habes
752 1524 798 1597 tu,
821 1516 923 1597 Paule,
946 1522 1078 1596 nepotes.

155 1615 207 1667 470
225 1604 349 1685 Aegypti
372 1605 521 1666 frumenta
544 1605 626 1666 dedi:
649 1605 723 1666 mihi
745 1608 857 1666 vicerat
880 1605 951 1666 olim

227 1692 383 1756 Leucadiis
406 1694 535 1774 Agrippa
558 1694 652 1754 iretis.
697 1693 805 1755 ludaea
827 1700 947 1755 tenetur

229 1781 284 1842 sub
307 1783 424 1844 dicione
448 1791 513 1864 tua,
536 1791 686 1862 tamquam
709 1789 742 1845 tu
765 1785 883 1844 miseris
907 1782 977 1843 illuc

228 1873 375 1949 insignem
399 1891 465 1932 cum
489 1879 573 1952 patre
596 1872 705 1933 Titum.
750 1870 806 1932 tibi
829 1871 937 1951 Cypria
959 1888 1074 1932 merces

228 1959 337 2020 fertur:
359 1977 509 2038 pugnaces
533 1979 587 2040 ego
610 1979 723 2041 pauper
745 1960 832 2022 laudo
856 1960 991 2022 Catones.

157 2058 210 2108 tro
229 2045 336 2108 [lorica
358 2055 388 2107 te
411 2048 499 2110 tellus
522 2057 552 2110 et
574 2050 699 2111 Achaica
723 2068 793 2112 rura
815 2052 1006 2129 tremiscunt,

228 2136 327 2197 tendis
351 2143 381 2197 et
403 2139 435 2196 in
457 2137 602 2199 bimarem
625 2138 722 2200 lelicia
745 2157 836 2218 regna
859 2138 1035 2199 Corinthon:

229 2224 290 2305 dic,
312 2224 491 2303 Byzantinus
514 2229 581 2305 quis
604 2246 669 2288 rem
691 2227 746 2288 tibi
768 2227 928 2289 Mummius
952 2222 1034 2306 egit?

160 2377 162 2382 ,
274 2313 332 2374 Sed
356 2316 382 2374 si
404 2313 481 2375 forte
504 2313 600 2392 placet
622 2322 738 2377 veteres
762 2319 860 2396 sopire
884 2315 1035 2397 querelae,

227 2402 416 2467 Anthemium
440 2403 569 2463 concede
592 2403 673 2464 mihi.
720 2407 759 2464 sit
780 2404 916 2483 partibus
939 2406 1005 2465 istis

158 2502 211 2554 480
228 2491 378 2570 Augustus
401 2490 580 2570 longumque
604 2490 678 2574 Le03
700 2510 766 2553 mea
788 2495 853 2554 iura
876 2493 1034 2574 gubernet,

231 2598 319 2660 quem
342 2583 431 2663 petii3
454 2582 550 2660 patrio
573 2582 677 2641 vestiri
699 2581 813 2641 murice
836 2589 935 2642 natam

229 2669 355 2748 gaudeat
376 2669 569 2749 Euphemiam
594 2669 677 2730 sidus
700 2668 794 2730 divale
816 2671 958 2748 parentis.

230 2758 314 2819 adice
336 2766 490 2838 praeterea
511 2761 660 2838 privatum
684 2759 720 2818 ad
743 2756 861 2837 publica
884 2756 1001 2818 foedus:

233 2849 272 2907 sit
295 2865 380 2908 socer
402 2847 552 2926 Augustus
575 2865 685 2927 genero
703 2847 852 2908 Ricimere
875 2846 993 2928 beatus3

159 2946 212 2997 485
231 2935 384 2996 nobilitate
407 2939 531 2998 micant:
555 2944 601 2997 est
623 2936 707 2996 vobis
730 2938 811 3015 regia
834 2938 931 3016 virgo,

231 3026 333 3102 regins
355 3023 405 3086 ille
428 3025 510 3086 mihi.
557 3028 583 3086 si
606 3043 731 3086 concors
755 3027 862 3086 annuis
885 3025 979 3106 istud,

230 3131 298 3174 mox
321 3112 444 3192 Libyam
467 3132 587 3193 sperare
612 3113 704 3175 dabis,
750 3115 946 3194 circumspice
969 3113 1071 3174 taedas

230 3204 380 3281 antiquas:
402 3221 457 3282 par
479 3202 559 3264 nulla
581 3202 638 3264 tibi
661 3205 705 3264 sie
728 3202 833 3283 copula
855 3210 974 3283 praesto
998 3210 1052 3263 est.

230 3292 363 3369 proferat
385 3291 434 3352 hic
457 3300 591 3354 veterum
613 3291 757 3352 thalamos
781 3292 954 3353 discrimine
977 3298 1078 3371 partos

159 3390 211 3440 400
230 3378 366 3462 Graecia,
389 3383 421 3441 ni
442 3381 539 3460 pudor
563 3388 620 3441 est:
644 3383 790 3460 reparatis
812 3381 880 3441 Pisa
904 3381 1056 3460 quadrigis

138 3551 142 3558 ¹
212 3572 264 3622 470
283 3585 349 3623 rura
367 3587 423 3642 epo,
440 3568 503 3625 iura
522 3571 599 3627 codd.
613 3573 689 3642 {1480
707 3569 783 3644 iura]
801 3585 889 3641 regna
909 3571 955 3640 ΤΙΙ
