2614 4030
542 290 756 349 PRAEFATIO.
1090 290 1156 344 XIII

137 442 338 522 archetypum
375 442 515 522 confecit,
552 443 701 519 corrigere
738 440 838 522 vellet,
874 443 1004 520 primum
1036 441 1156 500 omissis

138 531 296 611 prioribus
328 530 428 591 verbis
463 532 597 609 ineptum
633 529 706 590 illud
739 533 948 608 persuasionis
981 531 1157 607 excogitavit

142 615 295 704 (ceterum
318 620 375 680 hoc
397 637 506 680 nomen
530 619 607 698 apud
626 618 781 679 Sidonium
799 637 945 697 nusquam
964 617 1035 678 alibi
1053 610 1157 700 extat),

138 717 204 770 tum
230 728 267 769 ex
291 706 351 784 §5
380 712 459 768 irum
486 712 556 783 reai
579 707 693 783 faeci,
721 711 846 785 placido
873 710 1089 769 verecundiam
1112 711 1156 766 iu·

141 797 268 874 ferrent
290 797 346 857 hoc
370 796 493 857 verbum
517 796 682 857 inculcavit.
720 796 804 868 Quod
829 798 854 856 si
876 798 916 856 ita
935 803 981 856 est
999 830 1041 839 —
1060 813 1156 873 neque

144 889 249 965 negari
269 889 381 965 poterit
398 886 468 946 huic
487 887 706 946 ratiocinationi
724 884 835 964 aliquid
854 884 1072 964 probabilitatis
1087 882 1155 944 sub-

143 993 213 1035 esse
233 1008 277 1018 —-
297 974 399 1034 videor
422 974 495 1034 mibi
518 973 582 1034 loeo
606 977 655 1053 ita,
677 981 710 1034 nt
728 975 795 1055 ieci,
818 974 896 1034 edito
917 975 1156 1054 quamproxime

143 1063 181 1124 ad
205 1066 363 1124 veritatem
387 1065 556 1124 accessisse.
581 1098 623 1106 -
646 1062 687 1123 lh.
707 1061 728 1124 9
752 1071 782 1125 et
805 1067 835 1124 iu
859 1067 1049 1139 tractatorio,
1078 1060 1156 1141 quod

139 1154 198 1212 iam
216 1151 440 1213 Gustaissonius
459 1155 627 1231 suspicatus
646 1158 718 1231 erat,
737 1153 894 1230 genuinam
913 1151 1070 1212 lectionem
1088 1168 1154 1210 esse

141 1248 173 1300 et
196 1241 334 1301 codicum
358 1243 505 1319 scriptura
528 1248 558 1300 et
582 1240 775 1301 similitudine
798 1240 930 1300 locorum
954 1239 1155 1301 Plinianorum

143 1332 176 1390 in
200 1330 389 1390 adnotatione
413 1331 516 1390 critica
539 1328 694 1390 allatorum
717 1328 933 1408 comprobatur.
978 1328 1020 1390 Ile
1044 1327 1156 1389 voculis

142 1427 173 1480 et
196 1425 226 1479 et
249 1423 274 1480 it
295 1421 374 1478 inter
398 1436 429 1478 sc
452 1421 628 1497 permutatis
654 1419 690 1479 cl.
714 1421 803 1478 etiam
826 1437 870 1497 ep.
889 1417 924 1498 11,
944 1416 973 1499 9,
993 1415 1021 1478 9.
1047 1453 1089 1460 -
1112 1415 1153 1476 lb.

144 1507 283 1568 codicum
306 1506 361 1566 LN
383 1508 506 1585 vestigia
530 1514 650 1568 secutus
671 1507 898 1585 praefectorius
921 1509 1048 1588 restitui,
1076 1505 1156 1585 quod

146 1614 216 1656 eum
244 1595 375 1656 librariis
404 1603 526 1675 propter
554 1595 731 1656 antecedens
760 1595 832 1656 illud
857 1595 1074 1673 praefectoriis
1097 1595 1156 1655 dis-

147 1684 275 1764 pliceret
299 1691 329 1744 et
352 1683 508 1745 obscurius
527 1703 592 1745 esse
611 1684 771 1765 videretur,
794 1683 927 1744 Ferreoli
945 1702 1054 1745 nomen
1072 1703 1157 1763 repe-

146 1774 286 1833 tiverunt.
307 1806 349 1815 —
372 1772 413 1833 lb.
436 1771 476 1834 10
499 1778 587 1836 vaide
609 1777 749 1849 aequiter
772 1781 926 1835 constaret
949 1780 1029 1833 recte
1053 1791 1085 1833 se
1106 1773 1156 1833 ha-

145 1861 217 1922 bere
242 1879 363 1942 oense03
392 1865 531 1937 nequiter
558 1863 638 1923 idem
661 1869 707 1922 est
734 1861 812 1940 quod
840 1865 988 1923 malitiose
1014 1861 1060 1921 rel
1084 1881 1156 1939 per-

146 1953 264 2027 fidiose,
289 1958 444 2012 constaret
470 1958 568 2012 autem
596 1952 708 2012 dIctum
736 1969 801 2011 esse
825 1956 896 2030 puto
923 1969 978 2029 pro
1005 1953 1065 2012 sibi
1086 1969 1156 2012 con·

146 2046 246 2101 staret
273 2041 292 2099 i.
321 2058 346 2099 e.
375 2044 484 2101 iterum
515 2040 704 2116 affirmarem
736 2040 772 2101 de
802 2042 990 2100 coniunctivo
1017 2059 1042 2099 v.
1067 2057 1112 2118 ep.
1135 2039 1157 2118 1,

150 2126 202 2207 11,
218 2124 260 2189 16
284 2131 353 2189 dixi
371 2176 377 2188 .
393 2176 399 2188 .
415 2174 444 2190 ..
463 2133 565 2191 sciret.
602 2128 698 2190 Locus
722 2131 813 2208 igitur
832 2128 1006 2189 Germanice
1030 2131 1070 2189 ita
1095 2129 1156 2188 iere

148 2215 234 2277 reddi
257 2224 368 2295 potest:
391 2213 451 2278 ‘die
473 2217 642 2278 Gesandten
665 2226 868 2298 antu'orteten,
892 2217 1051 2297 allerdings
1074 2217 1158 2278 recht

146 2303 275 2386 boshnst,
308 2322 341 2365 er
373 2304 445 2366 solle
476 2306 654 2388 bestitigen,
687 2306 755 2367 dass
783 2326 820 2367 er
850 2306 964 2367 selbst
992 2307 1049 2367 den
1076 2305 1161 2366 Briei

145 2393 270 2454 diktiert
297 2390 393 2455 habe?
440 2395 482 2456 cf.
506 2399 595 2456 etiam
624 2415 698 2475 quae
727 2396 950 2475 subsequuntur
980 2399 1025 2457 bis
1052 2405 1158 2470 terque

145 2486 278 2559 repetita
301 2483 498 2559 confessione.
521 2518 564 2526 —
588 2484 628 2544 lb.
651 2483 691 2546 12
715 2485 751 2545 ad
773 2489 922 2562 serpentes
945 2486 1100 2561 Epidauri
1121 2483 1157 2542 ci.

146 2570 216 2632 Sen.
235 2570 358 2632 Phaedr.
380 2568 462 2635 1031
493 2577 582 2636 limen
610 2575 765 2651 Epidauri
793 2577 851 2636 dai.
876 2608 917 2616 —
941 2572 967 2653 1,
987 2570 1058 2654 8‚1
1089 2571 1157 2632 sub-

146 2661 308 2721 stantivum
332 2664 443 2724 bibitor
466 2669 496 2722 et
517 2681 617 2723 rarum
636 2662 812 2723 adieetivum
830 2665 982 2724 Araricus
1001 2681 1017 2722 a
1036 2660 1157 2722 librario

147 2750 313 2827 excogitata
336 2768 402 2810 esse
425 2769 494 2812 cum
516 2751 590 2812 mihi
609 2752 790 2831 persuadere
810 2770 869 2811 non
887 2769 1015 2830 possem,
1038 2751 1156 2810 retinui.

147 2871 191 2878 —
214 2836 255 2898 lb.
279 2846 348 2917 post
370 2837 497 2901 nebulas
520 2840 662 2901 contraC
687 2844 765 2903 enim
784 2840 915 2901 seribere
934 2857 993 2899 non
1013 2838 1157 2919 dubitavi3

147 2944 217 2986 nam
242 2926 374 2988 eiusdem
398 2931 616 2989 coniunctionis
639 2931 815 3009 repetitione
839 2928 979 2988 librarius
1003 2927 1087 2988 facile
1108 2926 1157 2987 ad-

145 3014 215 3075 duci
245 3019 354 3097 potuit‚
387 3023 419 3077 ut
452 3035 517 3078 eam
545 3017 637 3078 altero
665 3018 730 3078 loco
763 3017 818 3078 alia
850 3035 921 3077 voce
953 3023 1090 3077 mutaret.
1115 3051 1157 3059 -

145 3101 228 3164 lb.2
257 3122 316 3164 non
344 3112 390 3165 est
418 3125 471 3167 cur
499 3110 675 3168 iudicavisti
701 3106 882 3185 repudietur.
928 3104 969 3165 De
998 3109 1160 3167 iudicandi

145 3191 238 3253 verbo
262 3193 399 3254 similiter
422 3202 563 3275 usurpato
583 3195 618 3256 cl.
639 3214 684 3275 ep.
703 3195 748 3276 V1,
767 3192 797 3276 9,
818 3194 845 3257 1.
866 3229 907 3238 -
927 3194 948 3276 1,
967 3192 987 3256 9
1011 3197 1100 3256 inser.
1120 3194 1156 3254 de

147 3283 283 3344 Heronio
307 3301 332 3342 v.
353 3302 397 3363 ep.
417 3284 438 3364 1,
457 3281 478 3346 5
501 3287 589 3344 inser.
611 3317 652 3327 —
676 3283 716 3345 lh.
737 3285 757 3346 5
781 3284 817 3343 ad
835 3293 994 3346 reservata
1013 3285 1048 3345 ci.
1069 3286 1157 3345 etiam

147 3368 250 3432 Aloim.
270 3370 343 3432 brit.
362 3391 390 3450 p.
409 3370 501 3453 92,2
525 3377 557 3434 iu
581 3376 688 3447 quibus
710 3392 782 3435 aere
802 3377 884 3450 ptus,
912 3392 1003 3449 quara
1022 3391 1157 3450 persona

147 3464 267 3541 meruit,
282 3463 452 3536 patientiae
470 3465 649 3523 reservastis
653 3484 666 3534 ;
684 3461 773 3522 Hilar.
788 3469 824 3522 tr.
840 3481 862 3522 s.
876 3462 979 3542 psalm.
996 3481 1024 3541 p.
1040 3459 1113 3542 619,
1124 3457 1157 3542 83

149 3544 298 3630 803,12;
322 3547 470 3630 843,18.
516 3550 590 3610 ltem
612 3555 778 3628 reputandi
800 3559 830 3610 et
852 3555 1048 3613 retractandi
1069 3549 1158 3610 verba

148 3655 209 3697 non
228 3656 294 3698 raro
315 3639 493 3718 simplicium
512 3639 609 3699 locum
628 3646 730 3701 tenere
750 3646 852 3700 notum
871 3647 929 3720 est3
949 3640 984 3700 ci.
998 3637 1156 3700 Woelfflin.
