2628 4034
451 192 456 208 ‘
529 217 680 273 cunnum
698 219 758 275 vu.
1086 222 1149 286 291

229 385 304 445 quae
329 369 417 447 suasi,
439 369 499 426 nisi
521 368 605 428 facta.
651 375 750 428 tamen
772 369 889 429 fortuna
912 373 1044 448 priorem

229 455 358 535 abripuit
381 457 514 536 genium,
536 459 635 537 periit,
660 456 866 537 quodcumque
889 459 1034 541 merebar,

157 557 208 606 475
228 563 296 606 oum
319 547 452 623 genitore
475 552 535 605 tuo.
581 544 749 606 Narbonem
771 545 838 606 tabe
863 546 991 607 solutum

232 633 377 694 ambierat
400 627 448 716 (tu
470 651 578 713 parvus
602 627 693 718 eras),
716 635 895 714 trepidantia
919 638 1040 715 cingens

230 721 311 782 milia
334 725 366 782 in
389 722 514 783 infames
537 724 735 802 iamiamque
760 731 896 803 coegerat
919 743 1015 806 escas3

228 814 287 872 iam
310 813 405 871 tristis
427 813 564 890 propriae
589 811 727 873 credebat
750 812 851 873 defore
873 813 1009 895 praedae,

228 902 254 960 si
277 898 395 961 clausus
419 900 544 960 fortasse
567 903 653 981 perit,
677 920 745 962 cum
768 908 869 961 nostra
892 901 1028 980 probavit

156 1001 207 1050 480
227 988 350 1049 consilia
374 995 404 1049 et
426 990 528 1067 refugo
553 988 660 1050 laxavit
682 993 798 1050 moenia
820 989 908 1051 bello.

226 1085 315 1156 teque
339 1079 437 1156 ipsum
462 1072 546 1161 (sunt
569 1096 638 1138 ecce
663 1071 764 1162 senes)
787 1079 844 1139 hoc
866 1087 986 1158 pectore
1010 1080 1116 1141 fultum

167 1236 168 1239 Ἴ
227 1167 281 1226 hae
306 1165 426 1227 flentem
449 1173 571 1227 tenuere
595 1184 708 1249 manus,
735 1171 761 1228 si
784 1169 908 1228 forsitan
931 1168 1017 1229 altrix

227 1262 256 1315 te
279 1255 362 1336 mihi,
385 1274 453 1315 cum
476 1255 579 1336 nolles,
602 1255 770 1317 lactandum
792 1256 918 1318 tolieret.
964 1275 1032 1319 ecce

226 1343 349 1404 advenio
373 1350 403 1404 et
425 1344 518 1422 prisci
539 1351 642 1423 repeto
665 1346 753 1405 modo
776 1348 884 1424 pignus
906 1349 1025 1408 amoris.

155 1443 206 1492 485
227 1433 253 1492 si
275 1431 331 1492 tibi
353 1431 433 1493 nulla
456 1433 539 1514 iidoc,
562 1432 642 1493 nulla
667 1441 712 1494 est
735 1437 900 1495 reverentia
923 1437 1025 1517 patris,

226 1523 237 1580 i
260 1521 352 1582 durus
375 1539 538 1600 pacemque
561 1517 657 1599 nega'
701 1525 869 1603 prorumpit
893 1524 928 1585 ab
953 1527 1033 1584 omni

224 1614 360 1671 murmur
383 1611 509 1672 concilio
533 1611 737 1692 fremitusque,
761 1619 791 1672 et
812 1611 925 1691 proelia
948 1613 1090 1674 damnans

224 1699 365 1760 seditiosa
389 1702 447 1760 ciet
470 1699 647 1760 concordem
670 1699 757 1761 turha
779 1701 948 1763 tumultum.

223 1794 287 1848 tum
310 1806 363 1848 rex
387 1789 506 1850 effatur:
527 1785 659 1870 ‘dudum,
682 1789 741 1850 dux
765 1788 875 1870 inclite,
898 1789 984 1868 culpo

151 1887 203 1936 490
222 1894 346 1955 poscere
369 1884 398 1936 te
421 1896 525 1956 pacem
547 1884 688 1959 nostram,
712 1897 780 1939 cum
803 1897 908 1956 cogere
931 1880 1029 1958 possis

221 1966 383 2046 servitium,
405 1966 522 2026 trahere
546 1985 580 2027 ac
602 1967 728 2046 populos
751 1970 782 2028 in
805 1967 881 2028 hella
905 1985 1055 2046 sequaces.

220 2071 266 2134 ne,
290 2072 409 2134 quaeso,
431 2055 572 2115 invidiam
594 2057 690 2135 patrio
714 2057 787 2117 mihi
811 2058 929 2116 nomine
953 2058 1069 2116 inuras:

220 2142 291 2220 quid
314 2160 441 2224 mereor,
464 2144 490 2203 si
512 2143 593 2204 nulla
615 2142 722 2206 iubes?
746 2146 870 2206 suadere
894 2145 949 2205 sub
973 2144 1022 2204 illo

220 2231 298 2309 quod
321 2237 448 2312 poteraS,
471 2232 558 2292 modo
581 2233 655 2294 velle
679 2241 724 2294 sat
747 2242 802 2315 est,
826 2233 980 2313 solumque
1000 2242 1141 2317 moratur,

147 2330 199 2379 495
219 2319 297 2399 quod
321 2322 432 2401 cupias,
455 2322 587 2381 nescisse
611 2320 707 2383 Getas.
753 2324 826 2384 mihi
847 2322 971 2384 Romula
995 2323 1107 2384 dudum

217 2427 272 2488 per
295 2415 323 2470 te
346 2410 412 2469 iura
434 2408 559 2489 placent,
581 2427 763 2489 parvumque
787 2412 919 2473 ediscere
943 2414 1031 2472 iussit

218 2497 254 2559 ad
277 2505 328 2558 tua
353 2497 440 2558 verba
462 2504 555 2579 pater,
578 2498 666 2558 docili
690 2518 747 2578 quo
771 2502 869 2579 prisca
891 2499 1021 2560 Maronis

218 2588 348 2647 carmine
371 2586 500 2647 molliret
524 2586 677 2666 Scythicos
700 2589 773 2648 mihi
796 2591 901 2667 pagina
925 2606 1036 2668 mores3

218 2676 277 2735 iam
298 2693 402 2754 pacem
424 2682 488 2736 tum
510 2675 584 2736 velle
608 2676 705 2736 doces.
752 2677 803 2737 sed
826 2678 956 2756 percipe,
979 2695 1053 2755 quae
1078 2680 1117 2738 sit

147 2775 199 2824 ooo
218 2765 352 2838 condicio
376 2763 524 2843 obsequii:
548 2766 648 2825 forsan
671 2772 733 2826 rata
757 2772 840 2844 pacta
863 2764 1011 2844 probabis.

219 2859 321 2934 testor,
343 2853 445 2934 Roma,
468 2861 552 2914 tuum
575 2852 661 2914 nobis
685 2853 851 2915 venerabile
875 2871 983 2915 nomen

218 2949 247 3001 et
271 2944 384 3002 socium
407 2942 443 3003 de
466 2941 558 3003 Marte
581 2961 675 3021 genus
699 2937 759 3026 (vel
783 2941 924 3022 quicquid
948 2941 984 3002 ab
1007 2961 1087 3024 aevo,

218 3030 261 3090 nil
283 3037 312 3090 te
335 3031 463 3092 mundus
485 3031 574 3092 hahet
596 3031 711 3113 melius,
733 3031 775 3092 nil
798 3034 862 3111 ipsa
886 3024 1022 3114 senatu),

222 3137 269 3180 mo
292 3138 396 3199 pacem
420 3138 537 3180 servare
559 3119 615 3180 tibi
637 3120 683 3180 vel
706 3120 779 3180 velle
803 3120 929 3201 abolere,

147 3218 198 3268 ooo
218 3226 292 3286 quae
315 3215 416 3270 noster
438 3211 571 3287 peccavit
593 3227 673 3290 aruo,
697 3228 784 3288 quem
807 3210 903 3270 fuscat
925 3208 956 3268 id
979 3227 1080 3289 unum,

218 3297 295 3375 quod
321 3304 358 3379 te,
380 3296 480 3378 Roma,
504 3300 594 3379 oapit3
618 3298 669 3358 sed
694 3299 724 3358 di
747 3301 773 3358 si
795 3305 861 3358 vota
885 3297 1057 3378 secundant,

199 3508 253 3558 474
272 3503 392 3573 arripuit
416 3505 470 3559 CT
493 3507 503 3574 ff
529 3510 579 3560 481
600 3503 702 3558 fultum
727 3504 828 3574 ΟΥΕ]
852 3505 943 3558 fatum
961 3505 1021 3574 Μ’,
1050 3503 1140 3558 fotum

129 3572 182 3626 Mb
196 3576 271 3644 11487
290 3574 407 3630 consilio
428 3576 478 3647 ΤΙΙ
497 3581 546 3631 501
566 3592 670 3631 numen
688 3578 745 3632 cod.
764 3576 916 3632 Hefoastad.
934 3579 943 3646 ΙΙ

838 3726 842 3734 ,
927 3666 979 3721 19*
