2628 4034
150 195 217 260 284
543 193 694 249 CARMEN
713 195 772 251 VII.

242 343 415 405 rettulerat:
438 363 512 404 nova
535 344 612 406 bella
635 345 744 404 iterum
767 361 954 423 pugnamque
979 343 1034 404 suh
1058 347 1136 423 ipsis

170 443 222 493 245
243 435 301 492 iam
324 436 437 513 patriae
461 435 555 494 muris
578 434 717 513 perimus
741 441 905 492 commovet
928 432 1030 492 hostis.

242 521 373 583 Litorius
397 522 550 601 Scythicos
570 523 686 601 equites
708 529 773 581 turn
796 522 871 582 sorte
895 521 1033 582 subacto-

242 611 340 672 celsus
363 611 533 672 Aremorico
558 611 693 671 Geticum
716 610 850 690 rapiebat
873 613 904 670 in
927 629 1032 689 agmen

241 718 296 778 per
318 708 429 780 terras,
451 701 595 779 Amorne,
618 708 700 779 tuas,
723 701 774 778 qui
797 702 931 778 proxima
955 718 1088 778 quaeque

242 790 394 869 discursu,
417 789 556 868 llammis,
579 790 673 868 ferro,
696 788 826 869 lenitate,
849 791 962 868 rapinis

172 889 224 940 250
243 876 393 957 delebant,
416 880 498 956 pacis
522 877 656 938 lallentes
679 895 786 937 nomen
810 879 906 938 inane.

243 967 332 1026 huius
355 974 420 1028 tum
442 965 585 1026 famulum
608 966 728 1046 quidam
750 966 948 1026 truculentior
970 965 1091 1045 homm,

243 1074 312 1115 mox
336 1055 483 1136 feriende,
506 1055 595 1135 leris3
617 1058 678 1115 ruit
701 1054 751 1114 ille
775 1062 805 1115 et
828 1056 925 1115 tristia
948 1055 1006 1115 fata

244 1145 431 1204 commendat
454 1144 574 1204 domino
598 1144 714 1204 absenti
737 1151 912 1222 partemque
935 1144 1064 1206 futuram

100 1297 103 1305 ,
243 1234 390 1293 vindictae
414 1236 545 1293 moriens
569 1233 703 1312 Stygium
726 1251 779 1312 spe
802 1240 900 1312 portat
922 1232 959 1292 ad
983 1251 1110 1293 amnem.
1221 1271 1224 1276 ·

172 1333 224 1382 255
245 1328 274 1381 et
297 1324 356 1382 iam
378 1323 455 1382 lama
477 1323 542 1381 viro
564 1329 663 1382 turres
685 1329 844 1400 portasque
868 1324 964 1382 tuenti

245 1412 354 1471 intuitu
377 1412 498 1489 pavidae
522 1410 617 1490 plebis
641 1410 753 1490 perfert
777 1409 874 1470 scelus
898 1417 1004 1471 actum.

243 1502 406 1580 excutitur,
429 1507 534 1579 restat,
557 1499 659 1580 pallet,
682 1499 784 1580 rubet,
808 1499 885 1577 alget
909 1507 938 1558 et
961 1500 1055 1578 ardet,

245 1607 278 1648 55
302 1588 422 1649 sibimet
444 1588 551 1649 multas
575 1589 687 1649 vultum
710 1591 820 1648 variata
842 1606 897 1667 per
920 1606 1012 1649 unum

244 1679 289 1736 ira
312 1678 382 1738 lacit
405 1678 509 1757 lactes,
531 1677 591 1758 vel,
615 1680 666 1756 qui
689 1695 753 1736 mos
777 1695 864 1757 saepe
893 1676 1018 1757 dolenti,

174 1778 226 1827 260
244 1765 311 1844 plus
336 1773 413 1826 amat
437 1769 612 1846 extinctum3
635 1766 755 1826 tandem
777 1768 944 1846 prorumpit
968 1774 997 1826 et
1020 1783 1114 1846 arma,

245 1872 325 1915 arma
349 1856 461 1936 fremit,
483 1857 661 1934 pinguisque
685 1857 848 1916 etiamnum
871 1856 1013 1933 sanguine
1037 1855 1135 1915 lertur

245 1942 349 2024 lorica,
373 1943 496 2003 obtusus
519 1963 574 2022 per
596 1942 721 2004 barbara
745 1944 866 2005 vulnera
890 1951 995 2005 contus

246 2040 333 2111 atquc
358 2031 413 2092 sub
437 2032 564 2092 assiduis
588 2033 725 2093 dentatus
749 2032 890 2093 caedibus
913 2035 1002 2093 ensis.

244 2120 370 2182 includit
393 2139 478 2180 suras
503 2123 599 2180 ocreis
623 2123 771 2200 capitique
795 2124 954 2182 micantem

174 2220 225 2272 255
244 2211 371 2288 imponit
394 2208 519 2288 galeam,
538 2208 635 2270 fulvus
659 2212 706 2270 cui
730 2213 839 2271 crescit
861 2213 893 2270 in
918 2210 1008 2270 altum

246 2315 338 2358 conus
362 2305 392 2358 et
414 2299 519 2358 iratam
542 2298 687 2359 iaculatur
710 2301 820 2360 vertice
843 2298 949 2360 lucem.

246 2393 276 2446 et
299 2389 358 2446 iam
382 2386 497 2446 scandit
520 2405 629 2466 equum
653 2388 804 2466 vulsisque
828 2407 845 2448 a
868 2389 987 2448 cardine
1010 2390 1105 2466 portis

246 2477 367 2557 emicat3
391 2475 538 2537 adsistunt
562 2479 642 2537 socio
665 2477 823 2555 Virtusque
848 2476 995 2556 Dolorque

246 2572 276 2624 et
298 2564 410 2624 Pudor:
434 2572 560 2625 armatas
583 2565 643 2644 pilo
667 2569 742 2645 petit
764 2567 890 2644 impiger
914 2565 974 2626 alas

175 2665 227 2714 270
246 2654 404 2732 pugnando
427 2672 556 2732 pugnam
580 2673 739 2736 quaerens,
767 2656 964 2733 pavidumque
987 2673 1041 2733 per
1064 2672 1171 2733 agmen

246 2742 406 2803 multorum
430 2745 553 2804 interitu
577 2755 760 2824 compensat,
785 2743 863 2823 quod
885 2743 957 2804 latet
979 2763 1065 2804 unus

246 2833 289 2892 sic
311 2830 472 2911 Phrygium
495 2830 629 2892 Emathia
653 2835 796 2893 victorem
820 2833 943 2911 cuspide
967 2850 1093 2911 poscens

246 2920 389 2981 Aeacides
413 2938 498 2980 caeso
524 2920 636 2982 luctum
659 2922 785 2982 frenavit
808 2923 902 2981 amico

246 3027 301 3088 per
324 3016 435 3069 mortes
458 3016 515 3090 tot,
539 3009 640 3091 Troia,
664 3017 743 3091 tuaS,
766 3013 824 3070 iam
849 3009 917 3070 vilia
939 3029 1011 3090 prae
1035 3029 1066 3070 se

229 3202 281 3251 245
296 3197 424 3268 periurus
440 3198 635 3254 Wilamowc'te:
653 3197 795 3268 periturus
805 3200 881 3255 codd.
896 3201 905 3268 ΙΙ
920 3205 971 3253 253
980 3200 1044 3267 sort.
1059 3199 1172 3254 futurae

158 3269 335 3337 1555515555
362 3271 370 3339 ΙΙ
398 3275 450 3323 258
469 3269 577 3324 cariata
600 3271 676 3325 codd.
704 3274 713 3336 ΙΙ
740 3275 791 3325 262
811 3269 899 3324 lorica
922 3273 951 3324 et
969 3271 1026 3326 obt.
1045 3270 1138 3325 Mor
1163 3271 1174 3346 Η

157 3345 209 3396 266
230 3341 293 3411 sub]
318 3339 354 3394 ab
374 3341 439 3394 ΜΤ
463 3344 473 3409 ΙΙ
500 3346 551 3394 268
571 3340 678 3395 socium
698 3340 742 3410 Ε·
764 3344 827 3408 sort.
848 3341 940 3395 sociae
959 3342 1137 3411 Luetjohaoo
1164 3346 1172 3415 ll

158 3416 211 3466 274
229 3426 297 3480 prae
311 3428 372 3482 epo.-
389 3428 440 3480 per
454 3413 547 3479 codd.,·
563 3427 643 3466 ruere
658 3414 766 3467 transit.
772 3435 783 3481 ς
801 3414 836 3481 cf.
852 3413 901 3468 Sil.
922 3414 954 3480 V,
968 3417 1023 3468 393
1042 3414 1172 3482 ferroque

157 3498 240 3536 ruens
261 3480 440 3550 densissima3
461 3481 592 3552 (lyprc‘oo.
614 3483 885 3541 Gall.Eacod.1223
904 3483 1068 3552 oblatasque
1086 3486 1173 3540 ruunt

159 3567 261 3608 euneos
281 3554 341 3621 (per
359 3551 430 3606 vilia
447 3553 505 3606 iam
524 3569 553 3606 55
572 3553 638 3621 Leo,
655 3571 682 3622 p.
702 3571 727 3608 v.
746 3553 765 3609 i.
785 3553 825 3607 sic
843 3554 1001 3624 Buecheler)
1016 3558 1025 3625 ll
