2628 4034
160 194 225 259 286
551 196 705 252 CARMBN
725 197 782 253 VH.

249 342 324 404 lecta
347 344 458 428 domat3
482 348 605 406 iussisse
630 353 675 406 sat
698 354 744 407 est
766 354 809 427 te,
833 347 911 425 quod
935 357 1018 427 rogat
1042 351 1135 414 orbis,

177 444 229 492 310
249 432 376 496 credent,
394 434 450 494 hoc
474 453 613 514 umquam
637 443 740 514 gentes
763 435 924 515 populique
949 435 1062 500 lutari?

248 521 346 582 littera
368 523 494 584 Romani
517 531 625 605 cassat,
650 525 742 605 quod,
764 524 902 606 barbare,
925 528 1028 588 vincis,

246 613 311 670 iura
331 613 422 690 igitur
440 615 530 693 rexit3
548 631 675 692 namque
695 614 751 673 hoc
770 631 887 692 quoque
906 633 960 694 par
978 616 1043 696 fuit,
1056 625 1090 678 ut
1109 625 1179 680 tum

247 707 377 760 assertor
400 702 485 762 tieret
507 701 620 784 legum,
644 703 695 780 qui
718 720 797 762 nunc
821 705 878 762 erit
900 711 1015 786 auctor,

246 806 283 849 ne
308 788 421 850 dandus
446 790 563 870 populis
586 792 741 871 princeps
764 798 866 872 caput,
890 792 1097 876 induperator,

175 889 226 938 315
246 876 355 938 Caesar
378 888 408 939 et
430 880 579 957 Augustus
604 880 699 940 solum
722 880 784 940 iera
807 880 920 958 proelia
943 891 1052 944 nosset.

288 966 350 1026 lam
372 968 575 1046 praefecturae
598 969 772 1047 perfunctus
796 969 923 1029 eulmine
947 971 1067 1032 tandem

245 1073 276 1114 se
301 1055 422 1116 dederat
445 1059 509 1117 ruri
534 1051 709 1140 (numquam
733 1063 832 1118 tamen
855 1061 927 1139 otia,
950 1077 1112 1139 numquam

247 1144 361 1205 desidia
384 1144 525 1205 imbellis:
550 1146 739 1225 studiumque
763 1153 793 1206 et
816 1165 887 1207 cura
911 1150 1010 1226 quieto

248 1251 397 1293 armorum
422 1227 568 1317 semper):
593 1235 691 1295 subito
715 1254 782 1296 cum
806 1242 892 1314 rupta
916 1237 1043 1299 tumultu

174 1334 226 1383 320
245 1320 396 1382 harbaries
419 1330 495 1383 totas
519 1325 550 1383 in
573 1331 603 1384 te
626 1324 826 1386 transfuderat
848 1324 968 1406 Arctos,

245 1410 346 1471 Gallia.
392 1430 557 1490 pugnacem
579 1412 695 1492 Rugum
719 1415 877 1474 comitante
901 1412 1011 1474 Gelono

250 1498 362 1579 Gepida
385 1508 454 1561 trux
479 1504 626 1582 sequitur3
650 1501 767 1562 Scirum
790 1501 961 1580 Burgundio
985 1507 1076 1586 cogit3

242 1588 376 1670 Chunm,
399 1589 585 1671 Bellonotus,
608 1591 740 1672 Neurus,
763 1590 918 1672 Bastarna,
942 1592 1103 1676 Toringus‚

241 1678 417 1759 BructeruS,
440 1678 541 1740 ulvosa
565 1679 610 1740 vel
635 1698 723 1759 quern
746 1679 835 1740 Nicer
858 1680 942 1741 alluit
964 1682 1043 1742 unda

171 1778 222 1827 325
241 1770 409 1846 prorumpit
431 1766 579 1849 Francus3
603 1769 710 1829 cecidit
733 1771 792 1829 cito
816 1775 895 1829 secta
919 1769 1041 1848 bipenni

240 1855 388 1934 Hercynia
410 1859 441 1916 in
465 1856 570 1917 lintres
594 1865 623 1917 et
645 1856 782 1918 Rhenum
805 1860 901 1919 texuit
924 1857 1004 1940 alno;

242 1951 271 2005 et
294 1947 354 2005 iam
376 1946 516 2005 terrificis
540 1946 698 2006 diffuderat
721 1945 809 2006 Attila
831 1949 938 2007 turmis

239 2035 270 2093 in
294 2051 413 2111 campos
437 2053 482 2114 se,
505 2033 608 2114 Belga,
623 2041 707 2116 tuos.
753 2037 802 2095 rix
824 2035 953 2114 liquerat
975 2035 1063 2115 Alpes

241 2121 356 2202 tetius,
379 2129 468 2182 tenue
492 2129 522 2182 et
545 2140 646 2183 rarum
669 2126 733 2184 sine
756 2123 850 2184 milite
874 2125 985 2185 ducens

170 2222 222 2271 330
241 2209 333 2270 robur
355 2213 388 2270 in
411 2209 541 2292 auxiliis,
565 2210 699 2273 Getieum
723 2213 799 2273 male
822 2212 962 2274 credulus
985 2231 1089 2292 agmen

241 2302 391 2360 incassum
413 2301 543 2378 propriis
566 2319 759 2380 praesumens
783 2302 883 2362 adfore
907 2304 1021 2362 castris.

240 2391 363 2449 nuntius
387 2395 416 2448 at
438 2396 594 2468 postquam
618 2390 771 2451 ductorem
794 2391 931 2472 perculit,
953 2391 1055 2452 Hunos

240 2480 299 2537 iam
320 2494 413 2557 prope
437 2485 638 2558 contemptum
660 2481 790 2559 propriis
813 2481 844 2539 in
868 2479 987 2540 sedibus
1010 2481 1127 2541 hostem

241 2574 396 2645 expectare
420 2565 518 2647 Getae,
540 2575 639 2628 versat
660 2587 751 2647 vagus
775 2571 873 2628 omnia
897 2587 998 2629 secum

171 2667 221 2716 335
242 2654 365 2716 consilia
389 2662 419 2715 et
440 2663 571 2716 mentem
595 2675 734 2717 curarum
757 2656 897 2718 ssuctihus
920 2665 1014 2736 urget

241 2744 360 2805 tandem
384 2747 501 2805 nutanti
524 2745 601 2806 sedit
625 2747 770 2807 sententia
794 2745 906 2807 celsum

239 2852 362 2893 exorare
385 2835 491 2915 virum,
515 2833 704 2913 collectisque
729 2834 866 2895 omnihus
888 2854 947 2896 una

237 2921 422 3001 principibus
446 2940 545 2982 coram
569 2923 693 3002 supplex
717 2926 760 2984 sic
782 2923 890 2984 talibus
914 2925 992 2985 inlit:

237 3007 340 3091 ‘orbis
362 3010 455 3091 Avito,
479 3011 566 3093 salus,
590 3015 639 3074 cui
662 3031 721 3072 non
744 3031 818 3072 nora
842 3012 935 3091 gloria
957 3031 1036 3073 nunc
1060 3020 1114 3094 est,

217 3274 268 3324 313
288 3271 411 3324 assertor
427 3271 509 3326 fieret
527 3273 565 3342 T]
585 3272 665 3326 fieret
684 3274 806 3326 assertor
824 3273 862 3327 M
866 3272 922 3329 OF
939 3275 949 3343 ΙΙ
969 3278 1022 3328 314
1040 3272 1159 3343 indupe-

145 3341 222 3394 rator
235 3341 331 3412 oalqo;
348 3341 557 3410 imperatorque
567 3344 605 3397 M
609 3343 665 3413 OT,
684 3342 888 3412 imperiumque
899 3345 930 3399 F
941 3352 950 3415 ΙΙ
965 3351 1015 3399 322
1036 3343 1158 3470 Scirumq

145 3410 260 3478 Scyrum
279 3411 425 3481 Sirmoad„
444 3429 569 3468 seoerum
589 3414 647 3483 OT,
665 3431 791 3469 socerum
805 3414 842 3484 F,
862 3432 953 3469 serum
968 3416 1007 3469 M
1016 3418 1026 3484 i
1040 3421 1093 3470 324
1110 3433 1145 3471 ve

145 3498 229 3549 quem
251 3483 447 3553 Wilomowitr;
466 3501 548 3552 quem
566 3486 612 3540 vel
630 3487 707 3540 codd.
728 3487 738 3555 ΙΙ
758 3492 808 3540 332
828 3487 917 3541 honos
937 3488 971 3540 M
991 3490 1000 3556 ΙΙ
1020 3491 1071 3541 333
1092 3505 1158 3542 con-

145 3553 239 3607 tentos
259 3555 288 3623 (i.
303 3571 324 3608 e.
340 3557 526 3625 contemptos)
545 3557 583 3610 M
591 3559 601 3626 ll
615 3562 666 3612 336
685 3555 799 3610 nutanti
818 3556 868 3628 M]
888 3557 1033 3612 cunctanti
1053 3557 1156 3630 drap
