2636 4032
325 207 494 264 SIDONIUS
513 207 692 264 HESPERIO
712 208 780 264 SUO
800 208 978 265 SALUTEM.
1114 208 1159 274 45

146 358 349 420 misericordis
369 359 478 437 quique
497 376 551 437 per
569 357 693 418 uberem
711 359 944 420 munificentiam
962 361 995 419 in
1012 377 1159 440 pauperes

146 447 418 526 humanitatemque
450 465 511 508 non
538 449 653 508 minora
679 446 774 508 bonae
802 449 1002 509 conscientiae
1030 447 1160 509 culmina

145 536 231 598 levet.
268 533 298 598 3.
322 536 412 597 huius
439 538 531 615 igitur
558 535 640 596 aedis
668 537 786 598 extimis
809 544 914 616 rogatu
936 537 1062 616 praelati
1084 539 1159 598 anti-

145 627 226 686 stitis
254 624 481 686 tumultuarium
504 643 624 686 carmen
651 626 793 704 inscripsi
819 625 967 686 trochaeis
990 625 1159 705 triplicibus

145 715 242 776 adhuc
265 715 339 775 mihi
362 716 480 793 iamque
503 713 558 774 tibi
576 713 835 795 perfamiliaribus.
867 732 995 794 namque
1015 713 1051 775 ab
1069 715 1159 775 hexa-
1186 730 1200 772 5

145 805 251 864 metris
276 804 470 864 eminentium
493 810 648 882 poetarum
667 802 832 865 Constantii
855 810 884 864 et
903 803 1066 864 Secundini
1088 806 1159 864 vici-

147 895 250 952 nantia
273 892 359 953 altari
381 891 519 953 basilicae
543 891 634 952 latera
658 890 834 972 clarescunt,
858 909 933 971 quos
956 894 989 952 in
1010 892 1086 953 hanc
1109 911 1160 972 pa-

149 983 249 1060 ginam
268 981 383 1042 admitti
401 987 503 1041 nostra
522 999 609 1060 quam
622 999 759 1042 maxume
773 980 952 1042 verecundia
965 987 1053 1061 vetat,
1072 999 1161 1060 quam

146 1088 215 1132 suas
244 1072 409 1131 otiositates
435 1070 621 1149 trepidanter
649 1070 786 1130 edentem
813 1069 972 1130 meliorum
996 1072 1160 1131 carminum

146 1161 328 1239 comparatio
360 1160 477 1239 premit.
527 1155 558 1220 4.
587 1177 655 1219 nam
686 1161 775 1220 sicuti
802 1177 907 1219 novam
935 1166 1057 1238 nuptam
1085 1158 1160 1219 nihil
1174 1176 1201 1217 ro

146 1250 247 1308 minus
272 1266 359 1327 quam
382 1247 535 1328 pulchrior
556 1247 691 1327 pronuba
714 1248 812 1329 decet,
840 1249 945 1329 sicuti,
968 1250 995 1308 si
1017 1250 1160 1309 vestiatur

146 1336 228 1418 albo,
256 1337 357 1398 luscus
382 1339 507 1417 quisque
531 1337 565 1397 fit
587 1339 714 1417 nigrior,
742 1339 786 1397 sic
809 1343 923 1419 nostra,
950 1337 1091 1416 quantula
1114 1344 1161 1398 est

147 1443 284 1506 cumque,
307 1425 387 1486 tubis
411 1426 590 1486 circumfusa
612 1425 779 1504 potioribus
798 1425 907 1505 stipula
924 1425 1049 1507 vilescit,
1072 1444 1160 1505 quam

146 1514 275 1575 mediam
303 1514 381 1595 loco,
409 1515 541 1575 intimam
563 1517 671 1576 merito
694 1514 951 1594 despicabiliorem
973 1516 1160 1596 pronuntiari

146 1622 207 1665 non
239 1605 388 1683 imperitia
416 1603 504 1664 modo
533 1602 584 1664 sed
613 1610 643 1664 et
670 1606 838 1682 arrogantia
865 1603 943 1664 facit
981 1612 1160 1684 quapropter
1175 1621 1200 1661 15

146 1692 267 1753 illorum
299 1695 407 1754 iustius
440 1695 652 1772 epigrammata
683 1694 794 1754 micant
826 1710 914 1772 quam
946 1694 1051 1773 istaec,
1084 1711 1173 1772 quaes

147 1783 321 1861 imaginarie
345 1787 460 1842 tantum
483 1787 513 1842 et
531 1781 746 1861 quodammodo
766 1780 964 1843 umbratiliter
982 1781 1159 1860 effingimus.

147 1871 200 1932 sed
220 1889 362 1950 quorsum
382 1866 460 1932 ista?
497 1873 570 1949 quin
587 1873 686 1951 potius
707 1872 902 1949 paupertinus
925 1869 1072 1949 flagitatae
1092 1889 1159 1931 cau·

146 1959 256 2021 tilenae
281 1959 396 2021 culmus
419 1960 636 2020 immurmuret.

290 2099 433 2181 Quisquis
455 2101 604 2181 pontificis
626 2104 779 2181 patrisque
802 2103 898 2162 nostri

291 2189 449 2252 conlaudas
471 2189 615 2251 Patientis
637 2190 687 2250 hic
709 2189 850 2271 laborem,

291 2281 351 2340 voti
374 2285 509 2358 compote
533 2278 747 2358 supplicatione

291 2386 467 2429 conoessum
490 2370 643 2447 experiare
666 2368 746 2446 quod
769 2367 896 2446 rogabis.

256 2469 273 2517 5
292 2457 374 2518 aedis
397 2456 476 2517 celsa
498 2459 573 2517 nitet
595 2475 651 2517 neo
674 2459 706 2517 in
730 2459 885 2518 sinistrum

292 2552 342 2606 aut
365 2546 501 2606 dextrum
524 2546 665 2626 trabitur,
689 2545 741 2606 sed
765 2564 831 2606 arce
855 2545 962 2606 frontis

292 2642 391 2696 ortum
413 2636 558 2714 prospicit
581 2634 835 2713 aequinoctialem.

291 2725 371 2784 intus
394 2723 445 2784 lux
468 2725 558 2784 micat
581 2731 668 2802 atque
691 2723 870 2784 bratteatum

291 2811 336 2874 sol
359 2815 403 2873 sic
426 2811 602 2873 sollicitatur
624 2812 660 2872 ad
683 2811 813 2892 lacunar,

239 2913 273 2961 ιο
291 2901 370 2962 fulvo
394 2909 427 2962 ut
449 2901 589 2962 concolor
612 2909 692 2962 erret
714 2903 746 2961 in
769 2899 894 2961 metallo.

292 2990 463 3051 distinctum
487 2993 567 3051 vario
591 2993 688 3051 nitore
711 3007 840 3050 marmor

290 3082 440 3158 percurrit
462 3097 608 3139 cameram
633 3078 728 3139 solum
751 3079 906 3158 fenestras,

291 3187 324 3228 ac
348 3168 402 3229 sub
425 3167 655 3229 versicoloribus
679 3169 782 3246 liguris

222 3363 253 3412 11
274 3358 355 3411 decet
368 3356 403 3426 L,
423 3355 505 3412 decet
523 3357 553 3410 et
571 3358 612 3426 (et
629 3356 692 3412 add.
708 3355 803 3424 N¹)N
804 3355 842 3410 M
847 3355 899 3410 OT
910 3358 920 3424 ιΙ
934 3360 967 3409 12
987 3353 1052 3409 albo
1067 3354 1161 3408 fuscus

149 3427 270 3496 quicque
289 3427 313 3482 si
336 3427 474 3483 vestiatur
494 3427 584 3498 01115
604 3431 633 3482 et
651 3445 701 3484 om.
719 3427 761 3498 op
777 3433 810 3482 16
828 3426 885 3482 ista
903 3443 935 3480 eo
953 3425 993 3496 L,
1016 3424 1074 3480 ista
1091 3425 1162 3480 haec

149 3499 187 3554 M
192 3499 251 3569 OT,
270 3498 355 3554 istinc
374 3499 405 3554 N
417 3503 426 3570 11
440 3517 464 3554 v.
481 3504 498 3552 4
520 3498 665 3568 experiere
684 3499 750 3554 ΒΝ
753 3500 788 3567 Τ,
813 3498 954 3568 experiere
973 3515 1041 3553 corr.
1060 3499 1092 3551 ba
1116 3514 1161 3551 ex-

148 3571 260 3640 periare
279 3571 335 3639 Μ’,
354 3569 480 3642 experire
501 3570 543 3642 Ol
556 3576 614 3626 aad
634 3570 713 3625 aedis
732 3570 815 3639 LN¹‚
835 3568 918 3636 aedes
938 3568 1080 3626 N‘MOT
1090 3571 1100 3638 l
