2660 4030
188 171 253 236 144
536 170 646 226 LIBER
664 169 849 226 sepimine.

186 319 346 382 clientibus
376 322 536 400 patrocinii
566 319 662 398 legata
693 318 821 380 solvatis.
872 315 923 382 10.
950 336 1021 380 eece
1052 320 1140 398 parui
1170 327 1208 380 et

186 408 372 470 oboedientis
390 409 521 470 cilicium
540 407 712 488 garrulitate
730 407 884 489 complevi,
906 408 986 488 licet,
1008 410 1061 486 qui
1078 407 1206 468 indocto

186 499 338 578 negotium
360 497 538 578 prolixitatis
560 499 703 578 iniungit,
730 515 818 576 aegre
841 497 920 558 ferre
942 514 1002 558 non
1025 495 1145 578 debeat,
1173 499 1211 558 si

186 605 246 650 non
268 594 329 649 mm
352 586 525 666 eloquentes
549 585 691 666 epistulas
714 588 822 666 recipit
844 604 933 666 quam
955 585 1104 665 loquaces.
1136 604 1205 648 me·

160 693 251 738 emor
272 679 370 738 nostri
392 694 459 738 esse
482 676 618 756 dignare,
642 674 761 736 domine
783 693 866 754 papa.

662 899 720 967 ΙΙΙ.

253 1022 420 1080 ennomus
438 1023 583 1080 commo
601 1022 720 1078 Perae
739 1022 929 1079 monuero
950 1022 1128 1078 sanonum.

254 1134 282 1199 1.
306 1136 363 1198 Diu
385 1137 569 1217 multumque
594 1136 763 1218 deliberavi,
787 1155 965 1216 quamquam
988 1137 1062 1197 mibi
1081 1139 1203 1199 animus

186 1227 293 1288 allectu
331 1227 488 1306 studioque
520 1226 644 1306 parendi
677 1225 901 1306 sollicitaretur,
938 1244 975 1286 an
1007 1225 1203 1309 destinarem,

186 1318 275 1376 sicuti
297 1317 443 1398 iniungis,
466 1315 762 1396 contestatiunculas,
785 1333 859 1394 quas
882 1315 946 1394 ipse
971 1314 1087 1376 dictavi.
1128 1318 1204 1377 vicit

147 1423 174 1463 ao
186 1404 223 1465 ad
250 1403 388 1466 ultimum
416 1407 575 1485 sententia,
603 1423 678 1483 quae
705 1403 761 1465 tibi
784 1403 1008 1483 obsequendum
1031 1404 1203 1466 deliniebat

186 1495 278 1572 igitur
306 1495 398 1573 petita
429 1495 590 1564 transmisi.
641 1500 672 1554 et
699 1493 770 1572 quid
798 1493 886 1553 modo
914 1489 1073 1554 dicemus?
1113 1511 1203 1572 gran-

186 1582 271 1643 disne
298 1582 371 1644 haec
394 1578 603 1648 oboedientia?
638 1589 724 1664 puto,
751 1581 870 1661 grandis
894 1588 952 1662 est3
981 1581 1121 1660 grandior
1143 1585 1202 1643 im-

185 1672 327 1751 pudentia
358 1679 465 1733 tamen.
516 1672 571 1732 bac
598 1673 679 1732 enim
710 1672 807 1732 fronte
839 1689 995 1751 possemus
1027 1671 1203 1733 fluminibus

187 1778 292 1843 aquas,
328 1760 410 1822 silvis
442 1760 521 1840 ligna
553 1762 768 1840 transmittere3
804 1760 859 1820 bac
892 1758 998 1837 [enim]
1031 1762 1203 1822 temeritate

147 1865 173 1908 ιο
186 1849 307 1930 Apellen
334 1849 485 1931 peniculo,
513 1849 594 1911 caelo
621 1848 739 1930 Fidian,
765 1848 871 1909 malleo
893 1841 1068 1928 Polyclitum
1095 1867 1203 1910 mune-
1244 1905 1247 1914 a

186 1957 329 2001 coremur.
367 1937 396 1999 2.
416 1939 499 1999 dabis
519 1957 589 2017 ergo
607 1940 725 1999 veniam
742 1939 985 2019 praesumptioni,
1003 1933 1079 2017 papa
1098 1945 1202 2000 sancte

186 2028 311 2089 facunde
335 2027 526 2109 venerabilis,
552 2045 626 2106 quae
650 2027 822 2087 doctissimo
846 2029 975 2088 examini
997 2033 1049 2088 tuo
1072 2027 1203 2089 naturali

187 2115 358 2195 garrulitate
387 2115 559 2177 deblaterat.
604 2115 693 2177 habet
720 2116 903 2177 consuetudo
926 2123 1028 2177 nostra
1051 2134 1105 2195 pro
1129 2118 1202 2198 ritu,

187 2211 233 2285 ut,
260 2207 318 2266 etsi
345 2222 438 2284 pauca
466 2204 541 2286 edit,
568 2204 661 2266 multa
684 2204 865 2286 conscribat,
891 2204 983 2266 veluti
1007 2211 1053 2266 est
1075 2205 1202 2266 canibus

148 2311 174 2351 eo
188 2295 335 2375 innatum,
367 2299 413 2375 ut,
445 2296 503 2355 etsi
529 2312 589 2355 non
621 2293 741 2377 latrant,
772 2301 871 2355 tamen
899 2294 1033 2355 hirriant.
1084 2312 1202 2356 memor

188 2384 283 2443 nostri
307 2400 372 2444 esse
397 2382 532 2465 dignare,
556 2382 674 2444 domine
698 2401 782 2463 papo.

663 2609 719 2676 IV.

272 2731 440 2788 SIDONIUS
458 2731 602 2787 DOMINO
621 2731 739 2786 PAPAE
758 2731 918 2788 FONTEIO
937 2730 1114 2788 SALUTEM.

256 2845 284 2908 1.
307 2845 462 2906 Insinuare
481 2862 683 2924 quoscumque
701 2846 761 2905 iam
779 2863 880 2927 paveo,
899 2847 968 2923 quia
988 2844 1201 2906 commendatis

189 2953 242 2996 nos
266 2934 370 2996 damus
393 2933 492 3016 verba,
513 2953 566 2994 vos
589 2952 725 3015 munera3
748 2942 898 3013 tamquam
917 2951 977 2994 non
995 2933 1200 3013 principalitas

484 3021 495 3046 O

260 3112 276 3161 6
294 3123 334 3176 ep.
349 3106 406 3161 III
420 3111 505 3162 totam
523 3123 573 3161 oen.
588 3105 714 3160 LNVT
729 3108 732 3174 Ι
748 3103 886 3174 migethio
905 3105 943 3160 M
948 3105 976 3174 0,
995 3104 1151 3174 megethtio
1166 3107 1199 3174 P,

188 3175 306 3247 migetio
321 3177 402 3247 Fra
423 3177 532 3231 enimus
552 3176 655 3232 effectu
668 3177 854 3247 Leetlobeces,
872 3177 967 3232 animo
986 3176 1103 3231 effeetus
1122 3178 1199 3234 codd.

188 3249 197 3320 ll
225 3247 481 3303 Ssollioitaroniur
503 3249 531 3302 P
555 3251 565 3318 ss
593 3253 627 3302 14
649 3249 725 3302 enim
747 3249 859 3316 MPF,
884 3250 994 3304 seclusit
1016 3248 1200 3317 Leetjoboec,

189 3318 277 3389 igitur
296 3319 343 3390 011
362 3325 395 3374 ib
413 3318 539 3389 periculo
560 3319 588 3386 0,
606 3318 751 3389 pigniculo
770 3319 832 3373 PF
848 3325 874 3374 et
892 3319 964 3390 (igni
982 3321 1015 3373 iet
1031 3337 1086 3374 ros.
1101 3319 1203 3388 M¹)M

191 3393 194 3462 Ι
215 3405 425 3445 muneraremur
442 3391 592 3446 Beruenses
609 3392 722 3461 aliique,
738 3407 935 3458 veneraremur
952 3394 1035 3456 (corr.
1052 3393 1085 3446 ic
1103 3407 1199 3444 mnne-

189 3477 314 3516 roremur
332 3461 497 3530 mmor,
516 3461 702 3516 emoleremur
721 3463 751 3516 F
767 3466 777 3533 l
795 3467 829 3516 22
847 3479 887 3532 ep.
902 3463 952 3517 IV
965 3468 1051 3518 totam
1068 3479 1119 3518 om.
1138 3462 1200 3516 ΕΝ

195 3532 268 3602 Vn!
285 3531 391 3586 fontelo
412 3532 440 3601 0,
459 3532 580 3587 fonterio
601 3533 632 3588 F
642 3537 652 3603 l
