2614 4030
178 251 222 316 38
519 248 629 303 LIBER
647 247 844 303 SECUNDUS.

177 400 278 480 fundo,
301 406 334 460 ut
356 400 522 479 perspectis
546 397 688 458 chartulis
709 398 781 479 snio,
805 399 831 458 si
855 396 925 476 quid
949 397 1014 458 iure
1038 399 1193 479 competit,

177 491 344 570 instruatis,
373 506 447 567 quae
472 487 633 567 qualiterve
657 488 717 547 sint
739 484 906 567 obicienda,
930 505 1005 565 quae
1028 485 1193 548 refellenda

177 584 384 639 monstrantes.
434 594 494 637 non
526 578 605 637 enim
638 573 820 656 verebimur,
852 574 930 654 quod
964 593 1068 636 causae
1101 577 1192 636 istius

177 685 296 748 cursus,
322 666 407 727 side
430 667 522 726 vestri
545 666 707 726 manaverit
730 663 810 725 fonte
835 663 964 745 consilii,
990 663 1049 725 ulla
1073 671 1191 725 contra-

150 763 308 817 sstautum
331 754 512 816 derivatione
535 760 683 815 tenuetur.
717 753 788 813 vale.

654 979 710 1045 VI.

369 1102 535 1159 SIDONlUS
553 1100 707 1156 PEGASIO
727 1100 795 1156 SUO
815 1100 993 1157 SALUTEM.

246 1215 272 1278 l.
301 1215 529 1278 Proverbialiter
560 1214 677 1276 celebre
704 1221 751 1275 est
778 1232 865 1293 saepe
893 1232 1007 1275 moram
1035 1233 1101 1276 esse
1124 1234 1187 1278 me-

175 1308 289 1388 liorcm,
312 1307 400 1367 sicuti
419 1311 448 1366 et
466 1323 544 1365 nunc
563 1307 678 1384 experti
697 1322 808 1365 sumus.
844 1302 1054 1364 Menstruanus
1072 1307 1187 1366 amicus
1303 1379 1304 1382 Ἴ

175 1403 245 1457 tuus
273 1394 359 1474 longo
387 1397 455 1455 istic
477 1401 610 1473 tempore
633 1395 786 1472 inspectus
809 1394 918 1453 memit
941 1394 1020 1453 inter
1042 1411 1186 1473 personas

137 1504 163 1546 to
175 1484 262 1545 nobis
277 1502 393 1564 quoque
408 1502 491 1544 caras
506 1483 715 1562 devinctasque
730 1483 855 1562 censeri,
873 1488 1038 1560 oportunus
1058 1482 1187 1564 elegans,

174 1572 360 1635 verecundus
377 1572 504 1652 sobriuS,
521 1589 630 1651 parcus
644 1571 801 1650 religiosus
815 1577 846 1630 et
863 1570 910 1630 bis
929 1587 1046 1632 morum
1065 1570 1186 1632 dotibus

174 1663 335 1744 praeditus,
357 1669 399 1743 ut,
422 1663 559 1740 quotiens
577 1663 609 1721 in
627 1659 699 1720 boui
718 1662 860 1738 cuiusque
880 1659 1011 1720 adscitur
1029 1662 1186 1741 amicitias,

174 1770 236 1813 uon
250 1751 374 1831 amplius
389 1756 587 1829 consequatur
600 1747 739 1810 beneficii
752 1751 817 1828 ipsc
832 1766 920 1828 quam
931 1747 1051 1810 tribuat.
1071 1746 1100 1810 2.
1111 1749 1186 1810 haec
1303 1791 1304 1830 3

175 1841 230 1902 tibi
257 1859 316 1901 non
348 1846 382 1900 ut
408 1841 568 1920 ignoranti,
601 1838 653 1898 sed
681 1844 714 1898 ut
742 1837 852 1898 iudicio
881 1855 947 1897 meo
976 1837 1188 1920 satisfacerem,

137 1955 162 1992 ιε»
177 1932 291 2009 scripsi.
334 1948 421 2008 quam
445 1927 481 1988 ob
505 1946 569 1988 rem
591 1926 700 2006 triplex
724 1934 811 1987 'causa
834 1925 975 1986 laetandi:
1003 1925 1059 1987 tibi
1080 1928 1188 2009 prima,

177 2021 226 2080 cui
244 2021 354 2080 amicos
373 2020 416 2079 sic
435 2024 485 2078 aut
503 2019 659 2077 instituere
675 2020 726 2075 aut
745 2014 854 2094 eligere
869 2016 1026 2096 contingit;
1045 2013 1188 2076 Arvernis
1302 1997 1303 2024 ¹

177 2107 320 2188 secunda,
348 2105 455 2186 quibus
483 2105 539 2166 hoc
565 2107 598 2165 iu
625 2123 660 2165 eo
687 2103 835 2183 placuisse
864 2103 1019 2184 confirmo,
1050 2103 1128 2183 quod
1157 2112 1187 2165 te

176 2195 317 2276 probasse
340 2213 400 2255 non
423 2193 551 2276 ambigo;
574 2193 618 2254 illi
636 2195 733 2274 tertia,
756 2192 792 2254 de
812 2210 870 2272 quo
889 2192 961 2253 boni
980 2195 1089 2272 quique
1108 2192 1186 2254 bona
1302 2205 1303 2226 ¹

179 2303 312 2364 quaeque
336 2283 547 2345 iudicaverunt.
584 2282 656 2343 vale.

646 2507 719 2574 VH.

137 2664 163 2703 20
363 2631 529 2687 sroonrus
548 2629 713 2685 uxenrcro
733 2629 800 2685 suo
820 2628 999 2684 sincrum

246 2742 274 2807 1.
293 2745 367 2818 Quia
385 2747 498 2806 iustitia
516 2752 614 2806 vestra
633 2747 698 2804 iure
718 2744 750 2803 bt
768 2744 955 2804 universitati
973 2761 1028 2822 per
1046 2742 1189 2822 conplura
1302 2719 1303 2786 ἶ

178 2837 253 2895 recti
284 2837 486 2914 experimenta
518 2832 710 2914 venerabilis,
747 2831 858 2892 idcirco
892 2831 1023 2911 singulas
1056 2851 1188 2912 quasque

177 2943 320 3004 personas
343 2923 374 2984 id
397 2926 494 3003 ipsum
518 2923 712 3002 efflagitantes
735 2923 766 2982 in
790 2939 913 2982 examen
936 2927 1069 2982 vestrum
1092 2920 1189 2981 libens

179 3020 208 3074 et
231 3013 333 3074 avidus
357 3015 469 3093 emitto,
493 3013 733 3092 quamprimum
756 3009 889 3070 ambiens
912 3027 960 3071 me
984 3009 1190 3091 discussionis,

139 3125 166 3166 ao
180 3101 246 3162 illos
270 3101 428 3163 simultatis
452 3119 542 3162 onere
565 3100 671 3182 laxari3
695 3098 773 3178 quod
793 3098 912 3159 demum
930 3101 971 3159 ita
991 3106 1140 3180 sequetur,
1165 3101 1191 3159 si

178 3209 238 3250 non
262 3210 298 3251 ex
322 3190 415 3251 solido
439 3191 639 3270 querimonias
661 3189 790 3268 partium
809 3187 995 3248 verecundus
1014 3205 1121 3248 censor
1140 3206 1191 3248 ex·
1300 3211 1302 3232 ι

179 3279 293 3361 cludas3
322 3297 500 3358 quamquam
527 3286 557 3340 et
584 3278 640 3338 hoo
667 3280 779 3357 ipsum,
808 3276 886 3355 quod
914 3278 1030 3355 copiam
1056 3278 1101 3337 tui
1128 3279 1191 3337 iur-

250 3473 267 3522 8
285 3467 392 3522 amicus
410 3469 476 3521 tuus
495 3483 545 3522 om.
561 3466 627 3535 LT,
644 3483 664 3521 s.
685 3467 702 3520 l.
722 3467 785 3521 odd.
802 3466 839 3520 T²
859 3467 869 3534 ss
893 3470 925 3518 12
946 3463 1072 3518 adscitur
1090 3463 1190 3535 LNT,

178 3537 536 3680 qqcistppmffirapspiscitur
557 3538 648 3609 01113
666 3535 768 3590 tribuit
789 3537 812 3592 0
821 3539 831 3607 ΙΙ
846 3541 878 3590 18
897 3535 942 3589 illi
959 3535 1047 3591 tertia
1065 3552 1115 3592 om.
1136 3537 1163 3590 L
1182 3538 1192 3609 ll
