2636 4032
509 195 618 255 LIBER
636 193 832 252 SECUNDUS.

307 369 434 414 vernans
457 349 581 411 herhida
603 353 702 407 crusta
726 346 912 425 sapphiratos

256 455 288 503 15
308 442 401 503 flectit
423 458 478 519 per
500 440 653 518 prasinum
676 437 784 496 vitrum
807 434 931 515 lapillos,

307 531 378 592 huic
401 536 447 590 est
469 529 602 608 porticus
626 524 769 605 applicata
792 524 900 604 triplex

247 619 253 633 '
308 620 460 681 fulmentis
483 617 667 696 Aquitanicis
690 613 827 695 superha,

309 708 345 771 ad
369 711 454 769 cuius
478 708 631 785 specimen
652 705 813 764 remotiora

310 798 451 859 claudunt
473 797 547 856 atria
569 795 703 875 porticus
726 793 883 872 secundae,

256 899 291 949 20
311 895 340 948 et
363 904 500 965 campum
522 884 654 944 modium
676 881 781 962 procul
804 881 912 941 locatas

311 978 400 1036 restit
423 992 510 1035 saxea
534 972 606 1033 silva
628 989 683 1050 per
705 969 866 1032 columnas.

309 1066 380 1126 hinc
403 1081 492 1143 agger
515 1068 613 1142 sonat,
636 1061 706 1120 hinc
729 1060 802 1119 Arar
825 1058 958 1140 resultat,

309 1154 379 1214 hinc
403 1171 469 1213 sese
491 1150 583 1231 pedes
607 1157 694 1229 atque
718 1166 810 1227 eques
833 1147 960 1208 reflectit

309 1241 488 1304 stridentum
511 1247 541 1301 et
562 1239 732 1300 moderator
754 1236 937 1318 essedorum,

256 1343 290 1392 no
310 1348 468 1392 curvorum
490 1330 561 1390 hinc
584 1328 693 1390 chorus
715 1327 925 1388 helciariorum

310 1419 554 1500 responsantibus
578 1416 694 1479 alleluia
717 1419 791 1496 ripis

310 1509 346 1570 ad
370 1509 521 1570 Christum
544 1507 620 1569 levat
643 1507 792 1566 amnicum
816 1503 956 1566 celeuma.

311 1601 367 1680 sic,
391 1600 434 1659 sic
456 1596 589 1679 psallite,
611 1603 701 1656 nauta
723 1593 770 1655 rel
792 1596 899 1673 riat0r3

309 1706 436 1767 namque
460 1690 517 1748 iste
541 1693 587 1746 est
609 1684 692 1768 locus
716 1683 854 1745 omnihus
877 1680 1033 1762 petendus,

259 1790 293 1839 30
313 1795 415 1838 omnes
439 1795 497 1856 quo
520 1777 567 1835 via
591 1775 673 1835 ducit
695 1772 732 1833 ad
756 1771 889 1833 salutem.

168 1914 197 1980 5.
226 1921 303 1983 Ecce
330 1924 417 2001 parui
448 1928 598 2000 tamquam
630 1923 729 1983 iunior
756 1922 922 2000 imperatis:
954 1927 987 1980 tu
1015 1918 1101 1979 modo
1133 1918 1179 1978 lac

169 2013 343 2071 memineris
362 2010 556 2090 multiplicato
574 2028 622 2070 me
642 2011 761 2071 faenore
781 2009 1040 2090 remunerandum,
1059 2026 1176 2088 quoque

168 2099 198 2159 id
222 2098 337 2160 facilius
359 2102 456 2179 possis
480 2099 758 2180 voluptuosiusque,
781 2117 856 2178 opus
879 2105 980 2160 estut
1003 2101 1067 2159 sine
1091 2096 1180 2157 dissi-

168 2187 329 2248 mulatione
353 2188 483 2269 lectites,
511 2191 576 2249 sine
600 2189 659 2250 fine
682 2188 836 2270 lecturias3
863 2206 959 2267 neque
982 2189 1119 2267 patiaris,
1146 2192 1180 2245 ut

142 2283 198 2337 rte
225 2276 262 2337 ah
291 2276 348 2337 hoc
374 2279 527 2356 proposito
554 2277 728 2358 propediem
751 2280 879 2338 coniunx
906 2277 1025 2337 domum
1052 2275 1182 2337 feliciter

169 2365 303 2427 ducenda
335 2366 484 2447 deflectat,
517 2369 617 2446 sisque
651 2367 759 2446 oppido
791 2369 970 2446 meminens,
1001 2365 1079 2444 quod
1109 2364 1181 2424 olim

168 2454 277 2515 Marcia
304 2454 476 2537 Hortensio,
503 2456 641 2517 Terentia
664 2455 774 2536 Tullio,
802 2456 960 2535 Calpurnia
987 2454 1095 2534 Plinio,
1122 2452 1179 2514 Pu-

169 2542 291 2604 dentilla
317 2543 454 2626 Apuleio,
485 2545 656 2606 Rusticiana
685 2546 859 2625 Symmacho
891 2543 1058 2623 legentibus
1086 2542 1180 2603 medi-

169 2631 360 2713 tantibusque
384 2633 521 2695 candelas
545 2640 574 2694 et
598 2634 773 2695 candelabra
791 2640 961 2695 tenuerunt.
998 2631 1027 2694 6.
1051 2639 1132 2692 certe
1153 2634 1180 2692 si

130 2738 155 2779 1o
168 2729 287 2803 praeter
323 2725 482 2783 oratoriam
514 2723 708 2785 contubernio
741 2724 918 2784 feminarum
952 2723 1101 2801 poeticum
1134 2722 1180 2781 in-

169 2814 289 2891 genium
313 2819 343 2872 et
370 2815 431 2873 oris
454 2815 499 2873 tui
525 2812 626 2874 limam
649 2813 848 2891 frequentium
873 2810 1039 2872 studiorum
1063 2808 1179 2871 cotibus

170 2901 328 2980 expolitam
352 2904 487 2980 quereris
512 2900 644 2982 obtundi,
673 2903 876 2982 reminiscere,
899 2900 977 2980 quod
1002 2918 1089 2978 saepe
1112 2917 1177 2958 ver-

170 3008 236 3051 sum
264 2990 393 3052 Corinna
426 3008 493 3051 cum
527 3009 580 3051 suo
608 2989 724 3052 Nasone
761 2989 931 3070 complevit,
971 2988 1079 3049 Lesbia
1110 3006 1179 3048 cum

169 3078 292 3160 Catullo,
316 3079 480 3141 Caesennia
499 3098 567 3140 cum
585 3078 745 3160 Gaetulico,
768 3080 941 3158 Argentaria
965 3096 1033 3139 cum
1050 3076 1179 3157 Lucano,

130 3185 156 3226 15
170 3167 294 3248 Cynthia
313 3187 381 3229 cum
398 3167 562 3250 Propertio,
580 3167 662 3229 Delia
681 3187 749 3229 cum
767 3167 892 3229 Tibullo.
923 3166 1048 3248 proinde
1067 3165 1181 3246 liquido

241 3373 266 3410 v.
282 3360 316 3410 18
336 3357 477 3425 specimen
495 3357 541 3426 M,
561 3357 607 3412 rel
626 3356 748 3426 speciem
767 3375 788 3414 s.
807 3359 824 3412 l.
845 3358 908 3413 ado.
923 3356 970 3412 Μ’
990 3359 994 3422 Ι
1015 3352 1180 3409 remotiores

170 3426 297 3481 LN¹M¹
314 3432 395 3490 (corr.
414 3430 447 3482 ito
464 3429 617 3483 remotiora
635 3429 753 3498 N'M‘),
771 3447 824 3501 qoo
838 3430 956 3498 probato
973 3429 1006 3481 itt
1022 3445 1046 3482 o.
1066 3442 1118 3495 seq.
1139 3441 1182 3478 se-

170 3496 263 3578 cunda
281 3502 351 3554 corat.
370 3499 426 3553 Leo
440 3501 449 3569 lt
463 3517 489 3554 v.
504 3504 538 3552 30
557 3499 647 3553 omnis
666 3499 687 3552 L
705 3503 715 3568 ΙΙ
733 3506 767 3554 10
787 3498 939 3556 oratoriam
957 3499 992 3563 L,
1011 3513 1070 3551 rem
1088 3499 1181 3550 orato-

170 3585 242 3624 nam
260 3571 329 3630 (rem
348 3586 368 3626 s.
388 3571 405 3625 l.
425 3570 489 3625 odd.
509 3569 709 3641 N¹)NMOT‚·
732 3591 770 3628 ooo
788 3570 959 3627 oratorium?
977 3568 1155 3640 Duetjoharm
1172 3567 1183 3640 11
