2636 4032
188 248 231 313 70
539 246 648 302 omno
667 246 844 313 colorus
1186 191 1195 210 ’
1287 201 1290 392 l

186 398 266 457 hunc
295 396 414 457 modum
444 398 568 457 seientia
594 415 701 476 pompa
733 398 899 475 proprietas
932 396 1048 474 linguae
1077 395 1204 457 Latinae

143 491 145 496 '
187 487 307 546 iudiciis
336 488 499 547 otiosorum
526 488 654 546 maximo
683 487 796 564 spretui
823 493 882 565 est,
911 504 1036 565 quorum
1065 485 1204 546 scurrili·

187 577 241 635 tati
273 574 458 654 neglegentia
487 593 586 635 comes
614 573 670 635 hoo
698 573 799 634 volens
832 581 946 635 tantum
974 574 1086 654 legere,
1121 574 1205 653 quod

187 671 297 744 carpat,
321 666 364 725 sic
387 683 447 725 non
470 666 564 725 utitur
587 662 704 743 litteriS,
728 663 805 742 quod
830 662 969 723 abutitur.
1006 663 1078 723 vale.

233 1199 324 1271 oni
353 1197 530 1270 SOLLlI
557 1195 918 1269 APOLLINARIS
948 1195 1157 1268 SIDONII

497 1337 884 1412 EPISTULARUM

535 1516 647 1578 LIBER
669 1515 850 1588 QUARTUS.

683 1707 707 1772 Ι.

159 1848 172 1890 5
396 1830 563 1886 SIDONIUS
581 1829 702 1886 PROBO
722 1829 790 1884 SUO
811 1829 987 1885 SALUTEM.

254 1941 280 2005 1.
308 1944 398 2004 Soror
421 1943 495 2004 mihi
518 1962 592 2023 quae
616 1962 692 2005 uxor
714 1943 782 2004 tibi:
809 1943 880 2004 hinc
903 1946 981 2004 inter
1004 1961 1058 2003 nos
1083 1961 1204 2004 summa

186 2042 216 2095 et
245 2033 418 2112 principalis
446 2033 648 2113 necessitudo,
681 2040 711 2093 et
738 2051 772 2092 ea
801 2033 920 2111 quidem
949 2031 1107 2114 patrueliS,
1141 2051 1206 2094 non

187 2140 326 2202 germana
345 2121 524 2202 fraternitas
548 2140 622 2200 quae
641 2121 817 2200 plerumque
837 2140 869 2182 se
888 2123 993 2200 purius
1012 2121 1119 2181 lortius
1139 2141 1205 2182 me-

186 2213 284 2272 racius
312 2217 397 2270 amat.
444 2227 511 2270 nam
542 2209 712 2271 facultatum
741 2212 820 2270 inter
850 2228 1007 2289 germanos
1033 2212 1118 2289 prius
1148 2210 1205 2272 lite

147 2315 173 2355 1o
187 2302 283 2378 sopita
301 2301 360 2359 iam
379 2301 430 2377 qui
448 2306 610 2359 nascuntur
624 2318 661 2360 ex
680 2299 830 2379 iratribus,
849 2298 923 2359 nihil
937 2301 1065 2359 invicem
1080 2307 1205 2359 contro-

187 2380 350 2467 versantur,
374 2394 404 2447 et
425 2387 495 2448 hinc
515 2406 602 2466 saepe
622 2391 730 2449 caritas
750 2391 780 2448 in
799 2387 983 2467 patruelibus
1002 2390 1105 2468 maior,
1130 2391 1206 2466 quia

188 2477 306 2537 desistit
329 2475 462 2537 simultas
486 2495 502 2536 a
525 2476 669 2537 divisione
693 2496 749 2538 nec
773 2484 870 2537 cessat
893 2477 1015 2537 allectus
1040 2479 1206 2538 asemine.

188 2565 336 2626 secundus
368 2564 454 2626 nobis
487 2568 653 2640 animorum
684 2584 780 2626 nexus
812 2568 938 2626 accessit
965 2565 1001 2625 de
1033 2565 1206 2627 studiorum

187 2655 344 2736 parilitate,
364 2656 433 2733 quia
450 2654 529 2714 idem
549 2656 693 2715 sentimus
710 2654 862 2734 culpamus
876 2653 1029 2715 laudamus
1044 2657 1077 2715 in
1090 2654 1204 2716 litteris

148 2759 174 2800 15
189 2752 218 2806 et
255 2763 347 2823 aeque
385 2742 470 2803 nobis
508 2742 656 2822 quaelihet
693 2744 783 2804 dictio
818 2743 914 2823 placet
946 2743 1203 2822 improbaturque.

189 2832 216 2894 2.
237 2850 414 2912 quamquam
433 2832 507 2892 milri
525 2834 614 2893 nimis
633 2851 738 2911 arrogo
758 2831 903 2893 iudicium
921 2850 1022 2892 meum
1043 2833 1205 2894 conferens
1287 2849 1288 2906 ζ

187 2931 247 2983 tuo.
294 2924 361 3002 quis
394 2923 474 2982 enim
505 2924 645 2982 iuvenum
677 2923 791 2982 nesciat
823 2922 1033 3000 seniorumque
1066 2929 1095 2982 te
1126 2921 1204 2982 mihi
1287 2907 1288 2938 ¹

188 3014 363 3090 magistrum
386 3011 479 3071 luisse
506 3013 675 3090 proprium,
702 3028 769 3070 cum
793 3010 963 3071 videremur
986 3010 1095 3071 habere
1109 3028 1204 3079 ¹com·
1287 3009 1288 3040 r

188 3118 321 3180 munem,
354 3105 384 3159 et
414 3101 440 3159 si
473 3098 543 3178 quid
575 3100 714 3160 heroicus
747 3098 872 3160 arduum
901 3102 1032 3161 comicus
1059 3098 1206 3180 lepidum,

79 3199 83 3208 ·
150 3203 176 3242 2⁰
189 3189 300 3269 lyricus
323 3186 539 3249 cantilenosum
562 3194 662 3248 orator
685 3187 939 3269 declamatorium,
966 3189 1127 3249 historicus
1150 3207 1218 3248 ve·-

190 3295 257 3338 rum
281 3278 419 3338 satiricus
439 3277 606 3358 figuratum,
629 3279 838 3355 grammaticus
857 3277 992 3356 regulare
1011 3278 1205 3357 panegyrista

262 3473 276 3519 1
295 3463 452 3534 proprietas
471 3462 587 3532 linguae
610 3463 716 3518 letinae
740 3482 845 3535 pompa
866 3465 890 3521 0
909 3468 917 3535 l
941 3468 1057 3522 dieser.
1076 3482 1126 3520 om.
1147 3465 1174 3519 L
1195 3469 1203 3538 J!

190 3534 407 3674 lluqssitlcloffl
424 3533 448 3589 0
457 3535 466 3603 ΙΙ
480 3540 514 3616 20
533 3536 628 3589 orator
644 3534 876 3590 declamatorium
890 3537 955 3606 Leo,
973 3539 1123 3604 oratorqne
1141 3554 1205 3592 ma·
1287 3611 1288 3619 ἵ
