2610 4056
273 245 439 300 SIDONIUS
457 245 713 301 BURGUNDIONI
732 246 801 302 SUO
820 245 1002 302 SALUTEM.
1078 248 1143 312 229

129 395 329 475 Hippocraten
363 395 398 455 de
427 395 602 474 corporibus
630 395 844 477 disputantem3
874 395 982 474 dignus
1015 399 1144 478 omniuo,

130 503 219 563 quem
246 483 454 563 plausibilibus
484 483 578 544 Roma
604 485 718 545 loveret
744 484 823 544 ulnis
852 503 969 563 quoque
1002 488 1144 547 recitante

131 575 303 652 crepitantis
317 572 460 633 Athenaei
479 572 619 634 subsellia
638 580 762 634 cuneata
781 579 983 652 quaterentur.
1016 571 1045 635 3.
1066 575 1144 654 quod

129 661 347 741 proculdubio
372 661 602 742 consequebare,
625 664 651 722 si
673 664 755 741 pacis
779 661 895 740 locique
919 662 1053 723 condicio
1076 682 1143 742 per-

130 753 275 831 mitteret,
298 758 332 811 nt
354 749 415 810 illic
439 753 603 810 senatoriae
627 753 789 812 iuventutis
814 751 1009 812 contubernio
1032 754 1143 812 mixtus
1172 769 1184 810 5

8 869 16 898 1
130 839 294 900 erudirere.
337 841 422 899 cuius
445 845 475 899 te
499 839 611 918 gloriae
633 842 746 919 pariter
770 858 803 900 ao
827 840 920 900 lamae
944 859 1083 919 capacem
1106 841 1142 902 de

9 949 15 986 1
130 930 272 988 orationis
296 935 363 988 tuae
387 927 528 1007 qualitate
552 930 699 1009 coniecto,
732 931 764 989 in
793 948 850 1008 qua
879 936 908 989 te
932 929 1142 990 decentissime

8 1039 14 1066 1
128 1035 225 1096 nuper
248 1019 459 1096 pronuntiante
483 1036 558 1096 quae
578 1017 699 1097 quidem
718 1019 882 1096 scripseras
903 1017 1143 1097 extemporaliter

8 1130 13 1168 1
130 1104 352 1167 admirabantur
383 1105 526 1186 benivoli,
562 1106 746 1167 mirabantur
783 1106 918 1187 superbi,
950 1106 1143 1168 morabantur

10 1230 11 1244 .
129 1197 227 1274 periti.
274 1195 326 1254 sed
358 1213 396 1255 ne
427 1195 618 1274 impudenter
650 1195 858 1256 verecundiam
891 1203 973 1255 tuam
1004 1195 1142 1256 laudibus
1157 1215 1183 1254 ιο

131 1285 232 1344 nimiis
256 1283 334 1344 ultro
357 1302 537 1365 premamus,
555 1287 714 1364 praeconia
736 1290 787 1345 tua
810 1287 919 1344 iustius
943 1285 1032 1344 dete
1057 1304 1144 1364 qnam

130 1372 187 1433 tibi
202 1372 368 1433 scribimus.
405 1373 462 1433 boc
480 1375 589 1453 potius,
608 1373 687 1432 unde
707 1379 752 1433 est
770 1392 859 1433 causa
878 1375 1033 1455 sermome,
1051 1377 1144 1435 intro-

131 1464 292 1522 mittamus
337 1459 367 1522 4.
406 1464 498 1540 igitur
530 1464 697 1540 interrogas
727 1481 781 1540 per
812 1461 1034 1544 pugillatorem,
1069 1481 1143 1542 quos

131 1557 322 1611 recurrentes
349 1569 480 1611 asseram
511 1569 628 1631 versuS,
657 1557 691 1611 ut
718 1550 798 1610 celer
826 1550 984 1632 explicem,
1008 1551 1060 1612 sed
1089 1551 1144 1612 sub

132 1639 274 1718 exemplo.
320 1639 353 1699 hi
375 1641 518 1699 nimirum
542 1646 611 1700 sunt
633 1646 832 1720 recurrentes,
856 1642 907 1718 qui
929 1647 1024 1700 metro
1048 1647 1143 1701 stante
1159 1657 1185 1697 15

132 1746 230 1807 neque
253 1728 362 1788 litteris
387 1728 451 1789 loco
474 1729 563 1788 motis
587 1734 620 1788 ut
643 1728 679 1789 ab
704 1728 824 1789 exordio
849 1729 885 1789 ad
907 1731 1078 1810 terminum,
1102 1731 1145 1790 sic

133 1835 149 1878 a
172 1817 230 1876 fine
254 1816 428 1896 relegamtur
450 1817 486 1878 ad
511 1835 667 1878 summum,
705 1819 749 1878 sic
772 1823 818 1878 est
836 1818 908 1877 illud
933 1820 1100 1897 antiquum:

322 1940 415 2002 Roma
438 1941 493 2001 tibi
517 1941 615 2002 subito
638 1941 769 2002 motibus
793 1941 849 2002 ibit
872 1959 954 2002 amor

132 2047 176 2126 [et
198 2047 287 2108 illud:

300 2152 361 2213 sole
384 2153 504 2214 medere
527 2155 617 2236 pede,
641 2155 696 2215 ede
719 2156 829 2234 perede
852 2154 970 2232 melos]
1158 2172 1184 2212 so

132 2275 161 2339 5.
194 2297 249 2339 nee
273 2297 332 2338 non
356 2277 502 2338 habentur
529 2298 584 2358 pro
611 2280 849 2360 recurrentibus,
873 2282 925 2359 qui
946 2278 1056 2358 pedum
1080 2279 1144 2358 lege

134 2375 248 2428 serrata
276 2369 333 2428 etsi
360 2386 420 2427 non
448 2386 502 2447 per
531 2368 662 2447 singulos
690 2371 803 2449 apices,
830 2386 885 2447 per
908 2368 1024 2447 singula
1046 2376 1144 2429 tamen

131 2457 222 2517 verba
253 2455 450 2537 replicantur,
483 2462 516 2516 ut
548 2463 594 2517 est
621 2475 714 2516 unum
738 2457 885 2517 distichon
908 2476 1008 2517 meum
1032 2451 1144 2541 (qualia

131 2563 200 2606 reor
223 2546 362 2624 equidem
385 2544 443 2623 legi
467 2544 559 2605 multa
581 2539 767 2628 multorum),
796 2545 874 2625 quod
898 2546 934 2606 de
958 2546 1053 2606 rivulo
1077 2545 1144 2625 lusi,

132 2636 184 2714 qui
202 2636 358 2712 repentino
377 2633 574 2712 procellarum
588 2641 690 2713 pastus
709 2633 815 2712 illapsu
828 2633 1038 2713 publicumque
1058 2652 1143 2712 agge·
1159 2649 1184 2690 25

131 2740 196 2783 rem
225 2722 398 2801 confragoso
431 2722 542 2783 diluvio
576 2740 789 2802 supergressus
822 2721 939 2782 subdita
972 2725 1035 2782 viae
1066 2721 1144 2782 culta

131 2810 338 2889 inundaverat,
371 2829 548 2890 quamquam
581 2811 770 2890 depositurus
802 2812 938 2870 insanam
960 2829 1029 2871 mor
1052 2809 1143 2871 abun-

131 2899 270 2978 dantiam,
294 2900 402 2978 quippe
427 2918 515 2978 quam
537 2899 645 2979 pluviis
664 2898 877 2978 appendicibus
896 2901 1143 2960 intumescentem

130 2988 173 3049 nil
201 3005 329 3066 superna
356 3005 448 3047 venae
477 2991 619 3067 perennis
649 2988 782 3067 pondera
804 2988 950 3049 inflarent.
993 2986 1021 3050 6.
1052 2991 1143 3066 igitur

130 3079 199 3138 istic
232 3069 314 3160 (narn
341 3077 436 3136 viator
468 3071 674 3161 adveneram),
706 3077 777 3136 dum
805 3079 899 3155 magis
931 3079 1027 3156 ripam
1055 3095 1142 3155 quam
1157 3095 1183 3135 ao

130 3248 194 3303 PF
204 3250 239 3318 118
257 3245 487 3316 pronuntiantem
501 3247 677 3316 Loetjoboan
693 3251 696 3315 Ι
713 3263 785 3316 quae
804 3264 855 3303 om.
871 3247 895 3304 O
904 3251 914 3318 [Ι
933 3252 948 3302 9
968 3246 1144 3302 mirabantur

129 3326 155 3376 et
172 3319 356 3373 morabantur
373 3319 464 3390 onlqo,
482 3318 658 3372 mirabuntur
675 3326 701 3375 et
718 3318 902 3374 morabuntur
915 3320 992 3375 codd.
1006 3320 1016 3389 ll
1032 3325 1064 3373 18
1079 3326 1143 3390 post

130 3407 209 3445 amor
229 3392 329 3461 legitur
346 3390 378 3444 in
400 3390 433 3445 0.-
461 3392 496 3445 et.
535 3389 653 3446 sibene
676 3393 705 3446 te
728 3392 779 3445 tna
801 3390 863 3444 lans
887 3393 968 3445 taxat
990 3407 1042 3444 sna
1065 3389 1143 3444 laute

128 3459 240 3516 tenebis
266 3462 275 3531 l}
304 3466 337 3514 19
361 3463 390 3516 et
416 3460 488 3514 illud
514 3478 600 3532 aesque
627 3463 664 3518 od
685 3462 774 3516 melos
796 3463 907 3517 seclusit
930 3462 1107 3530 Iacetjotoua
1133 3461 1143 3534 ll

130 3539 164 3587 20
182 3533 269 3602 pedes
286 3533 317 3587 F
327 3535 336 3602 ΙΙ
350 3538 385 3586 23
403 3532 501 3601 verba]
520 3533 646 3587 membra
660 3532 691 3587 F
702 3538 711 3599 ll
726 3538 761 3589 24
778 3533 909 3600 equidem
924 3532 961 3603 F,
981 3537 1010 3588 et
1028 3532 1141 3601 quidem

130 3604 244 3676 MGPq
258 3610 291 3658 26
311 3604 388 3658 culta
406 3603 468 3659 riae
491 3604 580 3675 0129
599 3603 687 3660 nichil
705 3606 739 3675 P,
758 3603 830 3658 nihil
850 3607 887 3660 M
899 3608 909 3674 ll
