2614 4030
330 221 498 277 SIDONIUS
517 221 682 278 HERENIO
703 221 771 277 SUO
792 221 967 280 SALUTEM.
1114 225 1155 290 19

140 390 208 434 3333
227 372 419 452 parcendum,
438 370 546 451 quibus
566 370 640 433 caeli
654 375 701 433 sui
716 372 783 433 dote
798 375 945 434 contentis
960 391 1019 434 non
1034 374 1155 454 grandis

140 461 235 541 gloria
257 462 354 542 datur,
377 462 404 521 si
427 460 609 521 deteriorum
633 460 790 522 collatione
814 461 984 523 clarescant.
1014 463 1086 524 vale.

617 687 672 754 IX.

327 808 496 864 SIDONIUS
516 808 680 865 HERENIO
700 809 769 866 SUO
789 809 976 868 SALUTEM

209 920 237 984 1.
260 921 331 983 Post
353 925 472 1002 nuptias
496 925 613 1002 patricii
631 922 799 1005 Ricimeris,
823 923 853 985 id
877 931 922 985 est
945 933 1012 1004 post
1035 927 1153 1005 Imperii

138 1015 296 1092 utriusque
320 1030 391 1093 opes
411 1012 583 1073 eventilatas
602 1013 723 1073 tandem
741 1013 870 1074 reditum
889 1016 984 1074 estin
1003 1014 1152 1094 publicam
1179 1037 1192 1078 5

139 1105 320 1182 serietatem,
339 1120 414 1180 quae
434 1101 524 1162 rebus
544 1101 700 1162 actitandis
718 1103 837 1162 ianuam
856 1120 1052 1183 campumque
1071 1112 1152 1182 pate-

137 1191 215 1251 fecit.
261 1193 375 1251 interea
402 1208 457 1251 nos
484 1189 568 1250 Pauli
594 1191 783 1270 praefectorii
812 1197 874 1252 tam
901 1191 1036 1253 doctrina
1064 1212 1152 1272 quam

138 1281 293 1340 sanctitate
312 1279 489 1340 venerandis
507 1278 620 1340 laribus
636 1281 753 1359 excepti
767 1283 891 1340 comiter
909 1279 1033 1342 blandae
1051 1282 1151 1363 hospi·
1252 1309 1255 1318 ·

136 1368 258 1430 talitatis
292 1369 397 1429 officiis
430 1367 646 1430 excolebamur.
697 1387 787 1448 porro
819 1387 880 1430 non
907 1372 965 1430 isto
994 1373 1151 1450 quisquam

135 1460 199 1518 viro
223 1464 269 1518 est
296 1459 327 1518 in
351 1460 432 1518 omni
459 1459 568 1518 artium
591 1475 699 1536 genere
723 1461 929 1537 praestantior.
966 1459 1040 1520 deus
1063 1459 1191 1542 bone,1o

137 1565 212 1626 quae
241 1545 299 1625 ille¹
317 1546 572 1626 propositionibus
601 1549 779 1628 aenigmata,
808 1549 963 1608 sententiis
993 1549 1151 1631 schemata,

135 1635 272 1696 versibus
297 1642 450 1717 commata,
473 1635 574 1714 digitis
597 1635 819 1696 mechanemata
841 1634 924 1696 faciti
954 1635 1027 1697 illud
1051 1645 1150 1698 tamen

135 1727 166 1784 in
186 1724 290 1784 eodem
309 1725 476 1785 studiorum
495 1726 627 1785 omnium
646 1723 764 1786 culmen
779 1727 940 1806 antevenit,
964 1726 1043 1805 qnod
1062 1725 1151 1787 habet

134 1813 205 1874 huic
237 1815 381 1875 emiuenti
408 1815 549 1874 scientiae
577 1816 789 1874 conscientiam
818 1816 1012 1892 superiorem.
1058 1817 1150 1893 igitur

134 1921 189 1983 per
211 1902 300 1964 hunc·
313 1905 452 1984 primum,
476 1905 502 1962 si
526 1905 592 1982 quis
616 1921 734 1983 quoquo
758 1902 846 1962 modo
865 1905 897 1963 in
916 1902 1012 1963 aulam
1036 1906 1148 1982 gratiae
1163 1925 1189 1965 15

135 1991 241 2073 edituo,
260 1991 395 2073 explor03
419 2010 486 2052 cum
505 1991 561 2052 hoc
580 1991 709 2072 confero,
734 1994 854 2070 quinam
874 1993 1063 2071 potissimum
1081 2011 1149 2072 pro-

134 2099 237 2142 cerum
261 2079 371 2160 spebus
394 2080 506 2140 valeret
523 2082 634 2141 nostris
654 2079 800 2160 opitulari.
840 2079 868 2142 2.
892 2099 947 2141 nec
967 2099 1038 2143 sane
1056 2082 1150 2144 multa

135 2171 293 2250 cunctatio,
318 2171 387 2248 quia
405 2171 501 2250 pauci,
520 2169 556 2230 de
577 2188 704 2249 quorum
724 2169 859 2248 eligendo
878 2172 1044 2251 patrocinio
1064 2171 1148 2232 dubi·
1175 2224 1178 2230 .

133 2265 254 2319 teretur.
306 2265 392 2319 erant
423 2257 545 2338 quidem
577 2261 609 2319 in
642 2266 746 2320 senatu
778 2258 914 2339 plerique
943 2259 1048 2339 opibus
1077 2260 1149 2321 culti

133 2364 242 2426 genere
271 2346 427 2428 sublimeS,
459 2354 554 2408 aetate
582 2366 685 2426 graves
716 2348 840 2408 consilio
868 2347 973 2430 utiles,
1005 2349 1147 2428 dignitate
1162 2373 1189 2413 30

61 2484 63 2490 .
137 2435 207 2496 elati
234 2436 404 2515 dignatione
432 2455 618 2518 communes,
647 2437 699 2498 sed
724 2444 838 2497 servata
865 2456 937 2516 pace
963 2437 1147 2517 reliquorum

135 2525 194 2586 duo
214 2525 428 2604 fastigatissimi
448 2525 628 2606 consulares,
648 2525 817 2586 Gennadius
832 2526 960 2586 Avienus
980 2534 1009 2587 et
1022 2526 1148 2588 Caecina

107 2665 110 2672 .
132 2612 274 2696 Basilius,
301 2633 372 2695 prae
401 2616 509 2675 ceteris
538 2614 804 2694 conspiciebantur.
851 2615 883 2675 hi
910 2617 942 2675 in
965 2616 1147 2694 amplissimo

133 2702 237 2764 ordine
258 2705 387 2782 seposita
405 2705 609 2782 praerogativa
626 2707 720 2783 partis
739 2711 868 2764 armatae
887 2703 972 2765 facile
991 2712 1058 2783 post
1076 2724 1146 2784 pur-

130 2799 271 2872 puratum
293 2794 460 2872 principem
484 2794 636 2873 principes
655 2801 748 2854 erant.
782 2793 832 2853 sed
857 2795 935 2853 inter
953 2793 1007 2853 hos
1027 2811 1145 2872 quoque
1159 2815 1186 2856 25

131 2899 310 2960 quamquam
341 2881 480 2960 stupendi
510 2889 609 2942 tamen
641 2883 716 2943 varii
747 2900 846 2948 mores
879 2888 908 2941 et
938 2883 1018 2960 genii
1044 2884 1145 2961 potius

131 2988 221 3049 quam
249 2972 360 3049 ingenii
384 2970 554 3030 similitudo.
601 2970 685 3031 fabor
707 2989 834 3050 namque
859 2988 949 3049 super
975 2970 1023 3030 his
1048 2969 1146 3048 aliqua

131 3061 320 3120 succinctius.
358 3058 387 3120 3.
413 3059 542 3121 Avienus
566 3060 602 3120 ad
626 3059 811 3120 consulatum
835 3058 988 3140 felicitate,
1016 3058 1144 3120 Basilius

129 3149 239 3208 virtute
266 3159 449 3227 pervenerat.
495 3151 594 3226 itaque
623 3143 798 3227 dignitatum
827 3150 858 3208 in
881 3148 991 3208 Avieno
1015 3149 1144 3210 iucunda

202 3377 218 3425 3
236 3372 351 3428 heronio
372 3373 437 3427 LN
441 3373 477 3443 T,
495 3372 612 3428 heronio
627 3373 665 3427 M
668 3371 691 3427 O
699 3375 710 3442 ll
725 3378 740 3426 8
761 3371 913 3428 venerandi
933 3371 1014 3441 qu
1037 3373 1145 3428 excole-

128 3443 230 3498 bamur
247 3460 330 3514 porro
350 3461 400 3500 om.
419 3461 459 3514 sp.
475 3449 509 3499 14
529 3447 545 3500 l.
565 3463 590 3501 0.
610 3445 637 3499 L
662 3446 672 3514 ΙΙ
700 3451 734 3498 13
754 3445 853 3498 eodem
872 3443 946 3511 ΕΝ,
969 3461 1038 3500 corr.
1059 3463 1091 3500 ec
1111 3461 1144 3499 eo

130 3515 169 3568 M
173 3515 235 3584 ²T1,
253 3532 287 3570 eo
311 3515 433 3586 1701117
453 3531 520 3571 sane
539 3516 631 3569 multa
649 3515 793 3570 cunctatio
813 3532 862 3570 om.
882 3533 921 3585 sp.
939 3519 956 3569 7
975 3516 1026 3571 litt.
1046 3535 1070 3571 o.
1091 3516 1118 3569 L
1134 3516 1144 3588 11

129 3591 164 3641 23
179 3593 245 3656 poet
262 3585 293 3640 hi
312 3587 360 3658 leq.
380 3603 446 3642 nam
464 3589 497 3642 133
516 3588 542 3641 Τ
552 3589 562 3656 ΙΙ
576 3593 609 3642 26
624 3595 689 3659 poet
706 3603 797 3642 mores
817 3588 865 3658 leg.
886 3588 966 3641 erant
984 3589 1016 3642 io
1035 3588 1061 3641 T
1072 3590 1082 3656 11

946 3675 983 3729 2*
