2610 4056
175 195 344 253 SIDONIUS
362 197 507 253 DOMINO
525 197 645 256 PAPAE
664 195 809 255 GRAECO
829 197 1005 254 SALUTEM.
1041 198 1106 265 2οἸ

91 354 201 427 rogatu
232 348 413 426 exorareris,
442 354 476 408 ut
507 364 673 426 perorares.
718 346 771 411 ubi
797 354 826 408 te
857 349 936 410 inter
959 348 1108 428 spiritales

90 437 213 517 regulas
234 435 287 496 ¹rel
313 435 449 498 forenses
475 435 689 500 medioximum
716 435 858 515 quiddam
879 439 1108 520 contionantem,

92 529 205 606 quippe
241 532 435 604 utrarumque
478 525 683 590 doctissimum
723 524 960 606 disciplinarum,
995 528 1108 606 pariter

92 617 205 678 erectiS
238 613 376 682 sensibus
409 613 590 698 auribusque
626 617 755 676 curratis
791 613 1007 696 ambiebamus,
1037 615 1107 679 binc

90 722 201 786 panum
232 704 414 770 factitantem
447 701 596 768 desiderio
628 710 747 786 nostro,
777 705 846 782 quia
877 703 988 764 iudicio
1021 707 1106 766 satis·
1133 721 1146 762 c

91 795 217 859 feceras.
255 790 387 858 Obisce
410 791 446 852 de
470 793 567 854 causis
590 794 753 871 temperari
776 791 844 853 stilo
867 791 1106 875 temperahoque,

92 882 227 948 breviter
248 879 375 962 locutus,
397 887 432 941 ut
453 898 587 962 paream,
610 881 732 960 longum
753 883 907 962 taciturus,
929 887 963 943 ut
986 881 1106 945 discam.

93 978 166 1035 sunt
184 970 222 1035 dc
245 977 345 1034 cetero
368 976 435 1032 tuac
458 976 567 1052 partos,
591 969 712 1032 domine
733 987 815 1050 papa.
853 971 1005 1033 doctrinae
1029 970 1106 1034 salu·

92 1062 168 1126 tacis
188 1057 407 1138 singutas-nque
425 1060 550 1120 victuris
569 1059 710 1138 operibus
724 1058 896 1124 incumbere
911 1061 998 1140 satis;
1009 1077 1106 1140 neque

94 1151 185 1230 enim,
208 1149 343 1228 quisquis
367 1147 513 1214 auscrdtat
531 1147 686 1212 docentem
704 1155 734 1211 te
753 1147 1021 1229 disputantemque,
1039 1149 1147 1229 plus1o

93 1238 180 1317 loqui
210 1236 299 1304 discit
335 1255 424 1316 qnam
459 1237 560 1302 iacere
593 1236 747 1300 laudanda.
792 1255 872 1300 nuno
907 1255 992 1320 vcro,
1029 1238 1107 1317 quod

94 1333 203 1407 restat,
233 1326 341 1390 donate
367 1328 452 1392 venia
479 1328 620 1405 paginam
645 1328 841 1390 rusticantem
857 1326 941 1387 vobis
964 1326 1107 1390 obsecun-

95 1415 227 1496 dantem,
248 1416 297 1476 cui
318 1433 369 1480 me
391 1433 510 1495 quoque
532 1422 663 1495 anctore,
685 1416 711 1476 si
733 1417 840 1476 vestris
863 1414 971 1478 litteris
990 1434 1107 1497 compa-

96 1512 194 1585 ratur,
227 1503 314 1567 stitus
346 1504 563 1567 infantissimus
595 1506 682 1568 inest.
730 1502 758 1565 t.
791 1504 846 1568 scd.
876 1507 934 1568 ista
965 1523 1107 1584 quorstun

97 1592 224 1654 stolidus
250 1589 367 1671 allego?
410 1612 479 1660 nam
506 1595 596 1658 nimis
626 1593 781 1672 deprecari
807 1595 936 1670 ineptias
958 1596 1038 1674 ipsas
1062 1603 1108 1655 est
1121 1610 1148 1652 rs

95 1683 324 1762 ineptissimum,
347 1685 379 1745 in
402 1682 510 1762 quibus
533 1689 566 1743 tu
589 1700 690 1745 merus
714 1681 834 1762 arbiter,
858 1684 884 1742 si
902 1701 1021 1744 remex
1040 1701 1106 1744 asse

97 1771 263 1852 discingas,
294 1770 406 1832 ridebis
438 1771 580 1853 piurima,
605 1769 691 1851 plura
719 1769 859 1851 culpabis.
906 1771 958 1834 sed
982 1779 1012 1832 et
1034 1771 1107 1833 illud

97 1859 271 1940 amplector,
300 1862 326 1919 si
352 1878 407 1939 pro
435 1862 557 1922 caritate
586 1878 643 1940 qua
670 1859 764 1939 polles
791 1877 851 1920 non
878 1859 971 1921 fueris
998 1879 1108 1941 usque-

98 1966 214 2028 quaque
238 1949 380 2008 censcndi
402 1951 687 2029 continentissimus,
709 1949 740 2009 id
763 1956 817 2029 est,
841 1951 867 2008 si
890 1952 1037 2010 sententia
1059 1957 1109 2011 tua

98 2039 250 2117 quippiam
273 2038 433 2116 superbis
456 2037 590 2117 apicibus
613 2040 754 2116 antiquet.
800 2045 871 2098 tunc
894 2041 975 2099 enim
997 2041 1109 2100 certius
1124 2057 1151 2098 ac

97 2133 126 2186 te
149 2125 291 2205 probasse
315 2125 429 2206 reliqua
448 2127 590 2208 gaudebo,
609 2129 635 2188 si
653 2127 791 2188 liturasse
810 2126 910 2206 aliqua
933 2145 1107 2206 cognovero.

96 2233 210 2276 mernor
232 2217 328 2276 nostri
351 2235 417 2277 esse
441 2216 573 2296 dignare,
595 2216 713 2277 domine
736 2235 820 2295 papa.

576 2441 632 2506 IV.

187 2563 354 2620 SIDONIUS
373 2562 518 2620 DOMINO
537 2563 655 2618 PAPAE
675 2562 821 2620 GRAECO
840 2562 1020 2620 SALUTEM.

166 2673 193 2738 1.
224 2677 325 2738 Viator
351 2684 454 2739 noster
481 2696 514 2738 ac
546 2675 717 2737 tabellarius
744 2679 816 2736 terit
847 2675 958 2736 orbitas
991 2678 1108 2736 itineris

99 2767 209 2826 assueti
240 2769 369 2845 spatium
400 2768 464 2826 viae
500 2767 728 2847 regionumque,
760 2765 839 2844 quod
872 2765 979 2845 oppida
1006 2771 1107 2825 nostra
1122 2784 1147 2825 aa

99 2855 292 2934 discriminat,
316 2873 403 2934 saepe
426 2854 593 2934 relegendo.
640 2857 779 2934 quocirca
801 2872 857 2914 nos
880 2871 998 2932 quoque
1021 2852 1107 2914 decet

99 2942 190 3004 semel
211 2945 381 3022 propositae
406 2943 571 3004 sedutitatis
594 2944 691 3004 officia
715 2945 831 3023 sectari,
851 2961 925 3022 quae
949 2959 1016 3003 curn
1039 2941 1108 3002 reli-

99 3034 165 3112 quis
189 3031 423 3093 commeantibus
449 3039 513 3092 tum
540 3035 699 3112 praecipue
726 3032 862 3110 Amantio
890 3033 1108 3094 intercurrente

169 3209 184 3258 1
204 3203 254 3258 ubi
271 3204 306 3273 L,
324 3201 366 3259 ibi
385 3202 464 3272 (pei
481 3205 514 3258 tn
531 3219 586 3258 ras.
601 3207 618 3258 3
637 3205 689 3259 titt.
704 3203 916 3272 boumont
937 3208 953 3256 9
968 3209 1032 3272 post
1051 3202 1106 3255 sin·

99 3274 260 3357 gularisque
278 3279 330 3331 inc.
349 3274 462 3356 virtutis
486 3275 688 3381 Wc'tamowttzt
709 3273 825 3328 victoris
844 3274 902 3329 ΒΤ
921 3277 925 3344 Ι
942 3273 1108 3399 Ξῃῡυιηὶἆίτοθ-

99 3345 199 3472 db?
201 3346 591 3488 {natantianatantia
601 3345 868 3500 ,amasco
886 3363 1048 3497 intanta
1066 3415 1108 3470 a.

100 3489 228 3544 cumbere
246 3489 503 3559 satis-Iacetp'obcnn
517 3492 525 3559 ΙΙ
541 3494 573 3544 12
592 3491 777 3544 rusuccntem
787 3488 820 3543 N
822 3489 859 3542 M
862 3489 920 3558 OT,
939 3489 1108 3543 rusticanter

99 3561 134 3630 L,
150 3563 214 3630 fort.
232 3569 301 3618 recte
314 3565 324 3632 [Ι
339 3566 372 3616 15
392 3578 429 3616 cn
446 3561 556 3632 ipsum?
575 3562 749 3631 LuctJ'obcmn
762 3566 770 3630 ΙΙ
