2610 4056
540 233 692 290 CARMEN
710 235 744 291 Π.
1084 235 1150 300 249

226 382 356 444 circulus
379 385 507 463 inpactis
530 382 652 445 loricam
675 387 772 446 texuit
793 377 913 468 hamis),

227 471 280 533 sed
303 471 412 532 nudata
434 479 537 554 caput;
559 491 614 552 pro
638 475 721 534 crine
745 473 901 533 racemifer
925 474 986 533 exit

225 560 353 640 plurima
375 579 430 640 per
453 561 581 623 frontem
605 565 812 640 constringens
836 561 943 641 oppida
965 561 1091 643 palmes,

154 663 206 713 325
226 668 339 730 perque
363 667 483 710 umeros
506 657 631 731 teretes,
654 650 809 712 rutilantes
832 668 944 730 perque
968 648 1095 710 lacertos

225 737 354 818 pendula
378 740 568 817 gemmiferae
590 738 766 801 mordebant
790 757 917 818 suppara
939 736 1045 800 bullae.

226 829 345 906 segnior
368 827 479 888 incedit
503 830 586 889 senio
609 829 833 907 venerandaque
857 827 989 888 membra

225 919 393 977 viticomam
416 919 549 978 retinens
572 917 670 978 baculi
692 920 756 978 vice
780 917 874 978 ssectit
896 916 932 977 ad
955 915 1077 977 ulmum.

225 1005 277 1066 sed
300 1012 400 1066 tamen
421 1004 548 1066 Ubertas
572 1008 720 1084 sequitur:
751 1023 936 1085 quacumque
960 1008 1152 1087 propinquat,

156 1107 208 1157 330
227 1097 347 1155 incessu
371 1094 510 1155 secundat
532 1097 604 1175 iter3
627 1097 822 1174 comitataque
845 1112 981 1174 gressum

226 1182 302 1243 laeta
324 1201 379 1262 per
402 1185 563 1262 impressas
586 1190 667 1243 rorat
688 1183 842 1244 Vindemia
864 1183 988 1262 plantas.

225 1270 307 1332 ilicet
329 1272 496 1350 ingreditur
518 1271 652 1332 Tiberini
675 1274 801 1351 gurgitis
824 1279 949 1334 antrum.

227 1360 366 1421 currebat
388 1361 496 1421 lluvins
519 1360 655 1421 residens
679 1371 709 1421 et
731 1361 906 1422 harundinis
931 1360 1005 1422 altae

227 1449 366 1511 concolor
388 1452 419 1508 in
437 1449 526 1509 viridi
549 1449 683 1510 fluitabat
707 1449 779 1510 silva
802 1449 920 1530 capill03

39 1540 43 1546 '
154 1539 277 1601 3301111
300 1540 429 1600 sonitum
453 1544 553 1599 mento
576 1539 655 1600 unda
678 1539 801 1620 cadens,
828 1537 899 1599 licet
920 1537 1037 1617 hispida
1061 1539 1150 1598 saetis

227 1630 389 1707 suppositis
412 1627 539 1688 multum
563 1627 680 1688 sedaret
702 1627 794 1688 barba
817 1627 976 1707 fragorem3

225 1723 345 1795 pectore
369 1715 505 1777 ructabat
527 1717 630 1778 latices
653 1715 796 1796 lapsuque
821 1718 909 1777 citato

228 1804 359 1866 sulcabat
380 1805 529 1866 madidam
552 1807 611 1866 iam
633 1812 752 1865 torrens
775 1804 874 1866 alvens
898 1803 1002 1865 alvum.

226 1899 357 1954 terretur
380 1897 516 1956 veniente
540 1895 595 1954 dea
617 1893 814 1972 manibusque
837 1895 972 1955 remissis

155 1993 327 2045 3401111111
351 1989 381 2042 et
403 2000 478 2043 nrna
502 1983 618 2044 cadunt.
664 1985 767 2044 veniae
790 1990 854 2043 tum
877 1981 965 2042 111111
988 1983 1106 2060 paranti

225 2069 275 2130 1111
296 2073 395 2149 prior:
420 2067 516 2132 ‘venio
539 2073 688 2134 viduatam
711 2072 847 2152 praesule
871 2077 973 2132 nostro

227 2178 282 2239 per
304 2165 347 2240 te,
371 2161 397 2220 si
420 2159 546 2241 placeat,
569 2160 700 2222 lacrimis
723 2161 876 2223 inflectere
898 2160 1035 2221 Romam:

226 2255 345 2328 expetat
365 2247 497 2309 Aurorae
520 2256 620 2328 partes
639 2249 776 2329 fastuque
799 2256 913 2311 remoto

224 2337 282 2397 hoc
304 2354 398 2397 unum
420 2343 564 2418 praestet,
586 2339 645 2397 iam
668 2338 735 2417 plus
759 2338 897 2418 dignetur
920 2339 1020 2398 amari.

155 2439 207 2490 340
226 2427 342 2487 instrue
366 2445 439 2504 quas
463 2433 585 2504 quaerat
607 2429 686 2486 11111
710 2427 834 2506 orbique
857 2429 969 2488 iacenti

226 2533 284 2595 quo
307 2521 410 2594 poscat
432 2515 480 2575 dic
504 2514 575 2575 orbe
599 2521 695 2594 caput.
741 2533 957 2594 quemcumque
981 2517 1093 2576 creavit

226 2621 279 2664 axe
303 2611 508 2685 mennatum,
532 2604 689 2664 confestim
713 2603 801 2682 fregit
822 2606 854 2664 in
877 2603 928 2663 illo

225 2695 345 2772 imperii
367 2693 485 2754 fortuna
508 2700 596 2754 rotas
642 2693 712 2753 hinc
735 2691 881 2753 Vandalus
904 2692 998 2752 hostis

227 2788 315 2860 urget
337 2789 367 2842 et
390 2784 421 2841 in
443 2788 580 2843 nostrum
603 2799 762 2842 numerosa
785 2779 878 2842 classe
903 2781 1060 2860 quotannis

154 2881 206 2932 300
225 2869 334 2930 militat
355 2872 521 2952 excidium,
544 2887 747 2948 conversoque
771 2869 874 2931 ordine
898 2869 951 2929 lati

218 2958 341 3020 torrida
364 2958 528 3048 Capcaseos
551 2959 642 3020 insert
664 2959 739 3018 mibi
761 2958 853 3038 Byrsa
877 2959 1002 3018 furores.

226 3054 383 3128 praeterea
404 3051 532 3108 invictus
554 3047 699 3129 Ricimer,
724 3065 813 3126 quem
835 3046 953 3127 publica
976 3047 1033 3107 lata

228 3139 408 3218 respiciunt,
431 3139 553 3216 proprio
577 3135 658 3197 solus
681 3139 730 3197 rix
753 3136 845 3198 Marte
869 3134 987 3216 repellit

227 3228 352 3305 piratam
376 3244 430 3305 per
454 3243 523 3286 rura
545 3243 665 3307 vagum,
688 3228 741 3305 qui
763 3224 875 3306 proelia
898 3228 993 3285 vitans

156 3326 208 3377 300
227 3316 371 3376 victorem
394 3314 536 3393 fugitivus
559 3317 627 3394 agit.
674 3316 741 3394 quis
765 3315 886 3375 sufferat
908 3314 1039 3394 hostem,

208 3525 260 3576 337
279 3520 357 3576 senio
376 3538 445 3578 corr.
464 3522 497 3576 in
519 3520 604 3592 genio
626 3539 661 3578 m.
676 3538 721 3592 pr.
741 3522 774 3576 ab
796 3520 932 3577 Vaticano
950 3524 1040 3590 3421‚·
1067 3517 1151 3590 genio

138 3591 343 3664 crumpens
362 3609 538 3662 quocumque
557 3592 607 3664 ΕΙ]
