2636 4032
365 175 533 232 SIDONIUS
551 175 647 230 APRO
668 173 736 230 SUO
758 173 936 230 SALUTEM.
1117 171 1160 237 97

141 345 368 409 persequamur.
406 323 435 387 2.
462 323 602 386 Haeduus
625 331 710 404 pater
737 323 805 405 tibi,
832 330 927 384 mater
950 323 1081 384 Arverna
1103 331 1158 386 est.

142 417 253 498 primis
275 413 407 476 Haeduis
431 413 564 496 deberis,
587 431 657 492 ergo
680 431 741 473 non
765 411 849 494 solis,
872 411 919 473 vel
941 419 1064 492 propter
1087 412 1160 474 illud

143 503 313 586 exemplum
341 505 438 566 nostri
463 502 607 583 MaroniS,
639 521 697 581 quo
726 508 803 562 teste
830 501 939 583 Pallae,
971 503 1015 562 sio
1042 501 1160 564 babitus

141 596 234 656 Arcas
259 593 338 673 quod
360 595 473 672 pariter
500 599 530 652 et
553 591 684 672 Samnis,
712 593 744 651 in
765 589 943 651 Mezentium
966 608 1084 651 movere
1107 609 1160 670 po·

139 687 252 745 tuisset
271 690 304 743 ut
322 683 498 762 peregrinus
517 699 597 741 arma
615 679 820 760 Etruscorum,
839 681 875 739 ni
893 680 1028 739 mixtus
1046 687 1158 740 matre
1185 696 1200 736 5

140 771 286 834 Sabella
304 777 444 850 partem
462 788 602 849 quoque
621 771 763 848 patriae
783 768 864 830 inde
883 769 1065 828 traxisset.
1090 787 1159 829 ecce

140 861 237 922 babes
261 877 401 939 magnum
419 861 546 919 maximo
566 865 686 919 auctore
706 857 925 938 documentum,
949 856 1028 935 quod
1046 859 1159 936 patriae

142 968 215 1030 pars
240 948 436 1027 computanda
460 949 499 1008 sit
521 955 552 1008 et
574 950 656 1026 regio
679 953 821 1027 materna,
844 947 1024 1024 nisipoetas
1044 952 1160 1006 etcum

142 1039 180 1100 ab
213 1038 339 1100 historia
370 1056 430 1098 non
457 1037 602 1097 r'ecednnt
627 1037 750 1096 mentiri
777 1033 969 1096 existimabis.
1011 1031 1040 1096 3.
1069 1037 1160 1113 igitur

142 1128 269 1188 Arverni
297 1127 323 1186 si
350 1128 518 1206 portionem
544 1128 588 1186 tui
612 1124 709 1185 saltim
737 1126 869 1185 vicissim
895 1125 960 1184 iure
984 1121 1042 1183 sibi
1065 1123 1202 1186 vindi-10

142 1224 221 1298 cant,
240 1217 388 1294 patienter
405 1214 527 1276 admitte
548 1215 763 1293 querimoniam
782 1213 1012 1292 desiderantum,
1035 1214 1087 1291 qui
1104 1211 1160 1273 tibi

142 1324 198 1385 per
226 1306 315 1365 unius
345 1305 406 1364 oris
429 1303 560 1364 officium
582 1321 642 1364 non
665 1305 754 1363 unius
777 1303 907 1382 pectoris
930 1300 1089 1380 profudere
1114 1319 1159 1361 se-

142 1400 267 1455 cretum
314 1410 388 1472 quos
415 1391 512 1472 palam
539 1399 569 1452 et
597 1409 696 1452 coram
724 1391 824 1452 dicere
851 1397 936 1470 puta:
964 1386 1048 1469 ‘quid
1076 1393 1159 1452 inte

144 1482 217 1544 mali
239 1489 363 1563 tantum,
386 1483 510 1562 ingrate,
533 1482 744 1561 commisimus,
767 1487 801 1541 ut
818 1497 873 1560 per
891 1487 935 1540 tot
953 1497 1046 1540 annos
1066 1498 1159 1559 quon·

143 1572 213 1634 dam
235 1570 360 1632 humum
386 1570 520 1631 altricem
542 1588 623 1631 nunc
649 1569 729 1630 velut
751 1569 899 1630 hosticum
923 1567 1018 1629 solum
1042 1565 1160 1647 logias?
1174 1589 1200 1630 ιε

143 1661 193 1721 hic
212 1658 389 1720 incunabula
408 1666 458 1719 tua
477 1659 620 1740 fovimus,
638 1659 687 1719 hic
705 1660 850 1736 vagientis
866 1657 1007 1717 infantiae
1021 1655 1160 1718 lactantia

143 1747 278 1810 membra
297 1749 501 1829 iormavimus3
519 1748 568 1808 hic
583 1749 743 1808 civicarum
757 1745 927 1808 baiulabare
941 1745 1057 1826 pondus
1077 1745 1159 1807 ulna

146 1856 222 1900 rum.
259 1833 289 1898 4.
312 1837 382 1897 hinc
405 1855 477 1898 avus
499 1835 619 1918 Fronto,
646 1836 771 1898 blandus
794 1835 851 1896 tibi
873 1834 931 1895 sibi
954 1852 1085 1915 severuS,
1108 1837 1160 1914 qui

144 1925 281 2005 exemplo
301 1943 367 1986 esse
385 1927 532 2004 potuisset
550 1925 607 2007 his,
630 1944 704 2006 quos
725 1924 868 1986 babemus
886 1942 941 1985 nos
960 1925 991 1983 in
1010 1923 1158 2005 exemplo,

144 2016 215 2076 binc
239 2017 302 2075 avia
325 2014 473 2096 Auspicia,
497 2033 572 2093 quae
595 2015 658 2101 tibi
672 2021 742 2094 post
763 2021 831 2075 tuae
854 2015 957 2074 matris
981 2011 1083 2073 orbato
1107 2012 1157 2073 de·
1172 2034 1200 2074 eo

145 2122 264 2165 cessum
296 2103 437 2183 dependit
467 2121 526 2164 una
559 2122 661 2164 curam
688 2103 822 2165 duarum.
864 2102 916 2162 sed
944 2108 975 2161 et
1000 2108 1159 2162 matertera

145 2201 196 2254 tua
219 2193 289 2253 hinc
312 2199 342 2252 et
364 2191 434 2253 hinc
457 2192 513 2253 fuit
536 2195 666 2254 sanctior
689 2194 800 2253 sanctis
818 2190 961 2252 Frontina
984 2190 1159 2273 virginibus,

145 2299 234 2361 quiam
263 2280 421 2342 verebatur
447 2288 543 2342 mater
569 2288 655 2362 pater
676 2281 886 2361 venerabatur,
913 2297 1045 2341 summae
1069 2280 1158 2340 absti-

145 2373 265 2431 nentiae
294 2369 405 2451 puella,
435 2372 543 2431 summi
570 2372 691 2451 rigoris,
718 2389 753 2431 ac
779 2370 838 2430 fide
864 2370 978 2448 ingenti
1003 2371 1047 2430 sic
1070 2369 1159 2430 deum

145 2462 264 2540 timens,
291 2465 325 2519 ut
347 2457 384 2518 ab
406 2453 577 2520 bominibus
601 2466 792 2520 metueretur.
837 2457 886 2519 hic
909 2465 938 2518 te
962 2456 1155 2519 imbuendum
1170 2477 1197 2520 ae

146 2547 320 2609 liberalibus
351 2547 517 2628 disciplinis
545 2549 730 2627 grammatici
756 2547 944 2625 rhetorisque
977 2546 1074 2607 studia
1106 2547 1158 2607 llo-

146 2639 243 2699 rentia
266 2637 381 2700 monitu
404 2644 535 2698 certante
559 2637 705 2717 foverunt,
727 2636 806 2697 unde
829 2643 862 2697 tu
885 2653 945 2696 non
968 2641 1029 2696 tam
1048 2635 1158 2696 medio-

146 2729 239 2786 criter
261 2727 415 2786 institutus
439 2728 535 2807 existi,
558 2733 592 2786 ut
613 2725 669 2786 tibi
691 2725 778 2785 liceat
797 2725 945 2785 Arvernos
968 2723 1015 2784 vel
1037 2731 1159 2804 propter

145 2814 260 2876 litteras
278 2832 338 2875 non
356 2833 464 2876 amare.
501 2812 530 2877 5.
556 2821 640 2875 taceo
663 2815 808 2875 territorii
825 2812 1005 2894 peculiarem
1023 2812 1158 2873 iucundi-

144 2911 250 2985 tatem3
277 2911 361 2963 taceo
388 2903 461 2965 illud
485 2921 596 2984 aequor
618 2921 770 2985 agrorum,
799 2904 830 2962 in
855 2920 912 2981 quo
937 2903 1001 2962 sine
1024 2900 1200 2981 periculoso

219 3109 338 3179 dVerg.
359 3109 428 3166 Aen.
447 3109 525 3180 VIII,
544 3114 647 3178 510sq.
666 3108 697 3163 ni
719 3108 824 3162 mixtus
846 3109 937 3163 matre
956 3107 1070 3162 Sabello
1092 3107 1158 3162 binc

147 3183 259 3250 partem
276 3182 386 3250 patriae
404 3181 538 3236 traheret.

220 3259 252 3306 12
270 3259 332 3322 post
350 3252 406 3307 oris
423 3269 445 3308 c.
465 3254 482 3308 t.
502 3253 566 3308 cdd.
586 3251 642 3306 mei
656 3251 748 3306 ΜΨ
762 3252 771 3318 ΙΙ
787 3254 819 3304 15
836 3249 932 3320 fugias
951 3250 1020 3320 ΕΝ,
1040 3248 1159 3320 effugias

147 3324 186 3378 Μ
188 3323 262 3394 ont
277 3327 309 3378 18
325 3340 437 3380 severus
451 3323 507 3378 sibi
522 3323 613 3392 01120
628 3323 727 3377 orbato
742 3322 928 3392 nepotum,
946 3323 1046 3376 orbata
1060 3323 1136 3377 codd.
1150 3326 1160 3393 ll

148 3400 182 3448 22
202 3399 230 3449 et
250 3401 313 3452 aute
331 3395 396 3449 binc
414 3396 475 3451 ecel.
494 3395 671 3464 IacetJ‘oborm
690 3395 700 3475 b
720 3399 754 3448 24
772 3393 827 3447 fide
847 3392 956 3462 ingenti
974 3393 1160 3463 Lueu‘oborm,

147 3465 362 3592 {dibblldigenfi
375 3467 402 3520 L
419 3473 445 3522 et
464 3471 544 3535 (corr.
559 3467 591 3520 iu
607 3464 674 3520 fidei
692 3463 816 3534 rugentis
832 3464 866 3518 N
867 3464 932 3534 ¹)N‚
950 3463 1017 3520 fidei
1035 3463 1161 3534 ingentis

202 3637 371 3678 Aronnntanrs
386 3635 421 3678 ed.
435 3637 521 3678 Mohr.
986 3631 1000 3680 7
