2628 4034
500 209 652 264 CARMEN
671 211 768 266 XXIII.
1073 209 1139 276 343

286 359 427 438 quicquid
452 359 679 438 grammaticaIIs
703 367 753 420 aut
775 360 938 439 palaestrae
961 367 1020 442 est,

287 450 365 508 sicut
387 450 444 509 lam
468 456 554 509 tener
576 449 731 530 hauseram,
753 452 872 510 vorasti

287 544 317 597 et
340 539 398 597 ianr
421 544 450 598 te
474 537 539 598 aula
562 536 631 598 tulit
653 540 779 616 piusque
803 540 943 616 princeps

213 636 267 687 215
286 627 366 686 inter
388 629 565 705 conspicuos
584 629 683 687 statim
701 626 820 708 locavit,

286 716 462 776 consistoria
486 733 559 794 qnos
583 714 704 796 habent,
727 715 882 796 tribunos3

286 806 404 883 iamque
428 812 458 864 et
480 823 649 884 purpureus
672 807 703 864 in
727 823 795 865 arce
819 807 905 884 regni
1021 881 1024 890 ,

286 911 426 971 praeesse
450 893 556 954 officiis
579 896 640 954 tuis
664 893 789 974 solebat,

287 999 385 1042 mores
409 981 561 1043 nobilitate
586 983 663 1061 qnod
687 982 855 1043 merebant:

214 1081 267 1130 220
287 1077 402 1131 tautum
426 1070 564 1131 culminis
588 1079 617 1132 et
640 1072 732 1132 decus
757 1071 936 1150 stupendum

287 1161 392 1238 scripti
415 1159 570 1220 annalibus
593 1161 725 1221 indicant
748 1160 886 1220 honores.

330 1247 407 1309 Hinc
430 1256 463 1309 tu
485 1248 621 1309 militiam
646 1256 766 1309 secutus
790 1248 930 1330 amplam,

287 1344 468 1398 castrensem
492 1337 562 1398 licet
585 1337 726 1417 ampliare
750 1356 872 1399 censum

286 1444 341 1505 per
363 1426 503 1506 suffragia
528 1429 606 1487 iusta
630 1426 797 1507 debuisses,

215 1526 268 1576 225
288 1513 441 1575 sollemnis
463 1522 563 1576 tamen
587 1515 739 1576 abstinens
763 1514 862 1576 lucelli

286 1605 363 1664 lama
386 1604 453 1683 plus
476 1603 609 1684 locuples
633 1604 753 1664 domum
777 1604 882 1664 redisti

265 1693 399 1774 solum,
423 1694 500 1772 quod
525 1693 665 1774 dederas,
691 1700 773 1753 tuum
796 1692 937 1772 putando.

286 1789 350 1842 tum
373 1784 400 1843 si
423 1783 498 1844 forte
522 1783 593 1863 fuit,
618 1782 696 1861 quod
720 1783 882 1861 imperator

285 1869 362 1930 ans
386 1874 482 1932 soceri
505 1874 606 1932 venire
632 1873 662 1931 iu
686 1888 774 1931 aures

215 1971 267 2021 250
287 1959 345 2019 lido
369 1961 531 2038 interprete
555 1959 643 2020 vellet
666 1967 696 2020 et
718 1961 828 2040 perito,

286 2055 316 2108 tc
340 2051 517 2109 commercia
541 2049 667 2128 duplicis
690 2048 825 2128 loquelae

285 2137 406 2197 doctum
430 2136 543 2198 solvere
566 2141 703 2216 protinus
727 2137 851 2217 legebat.

287 2244 318 2306 o,
342 2225 442 2304 sodes,
466 2228 603 2304 quotiens
625 2227 682 2287 tibi
705 2226 839 2305 loquenti

218 2365 221 2370 .
285 2314 447 2396 Byzantina
471 2314 579 2393 sophos
602 2315 711 2375 dedere
735 2333 841 2397 regna,

214 2416 267 2466 235
288 2411 318 2464 et
340 2409 369 2463 te
394 2421 447 2463 seu
470 2401 622 2464 Latialiter
645 2411 799 2464 sonantem
828 2445 830 2448 -

285 2500 436 2571 tamquam
458 2491 601 2552 Romulea
624 2499 720 2553 satum
744 2491 874 2573 Subura,

287 2599 340 2642 seu
363 2580 481 2660 linguae
505 2580 656 2660 Argolicae
680 2579 860 2641 rotunditate

285 2669 446 2731 undantem
468 2669 639 2731 Marathone
663 2687 718 2729 ceu
741 2675 873 2729 creatum

285 2757 461 2838 plaudentes
485 2766 626 2837 stupuere
650 2755 846 2839 bosphorani,

214 2859 267 2910 240
286 2849 388 2909 mirati
410 2850 509 2909 miuus
532 2847 645 2908 Atticos
668 2844 815 2908 alumnos!

185 3005 187 3010 ,
284 2937 354 2997 hinc
378 2939 405 2997 si
428 2937 546 2997 loedera
570 2936 754 2997 solverentur
778 2934 873 3014 orbis,

286 3043 390 3104 pacem
413 3032 442 3086 te
466 3025 564 3086 medio
588 3025 693 3085 darent
715 3024 830 3085 feroces

286 3113 422 3195 Chunus,
446 3114 649 3195 Sauromates,
673 3112 774 3192 Getes,
798 3111 941 3193 Gelonus3

285 3209 319 3263 tu
342 3203 494 3264 Tuncrum
517 3209 546 3263 et
569 3201 731 3282 Vachalim,
754 3201 906 3283 Visurgin,
929 3201 1030 3282 Albin,

213 3303 266 3353 245
286 3291 469 3353 Francorum
493 3299 523 3352 ct
545 3293 748 3371 penitissimas
771 3288 893 3368 paludes

196 3503 248 3553 alu
268 3515 390 3566 namque
415 3498 497 3554 OPT
526 3500 535 3567 l
567 3502 618 3552 235
636 3496 779 3552 latiariter
797 3498 825 3551 P
854 3501 863 3568 ΙΙ
894 3502 948 3553 244,
966 3497 1142 3568 Tungrorum

128 3567 273 3624 Vachalim
293 3571 453 3626 dubttootcr
471 3572 622 3626 Mommsen
635 3571 645 3639 ΙΙ
