2614 4030
277 231 443 288 SIDONIUS
462 227 703 288 CAMPANIANO
728 232 796 288 SUO
817 233 995 290 SALUTEM.
1099 235 1141 299 21

131 384 195 446 sule
219 401 299 465 meo,
322 388 356 444 ut
378 400 426 443 me
449 382 632 462 praelectum
655 382 766 443 iaceret
789 385 905 444 senatui
928 401 990 445 suo.
1038 381 1066 445 7.
1091 384 1144 445 sed

129 480 175 556 tu,
203 476 236 533 ni
264 471 363 552 fallor,
391 470 534 550 epistulae
562 489 687 551 perosus
715 471 916 551 prolixitatem
938 472 1143 552 voluptuosius

129 582 208 625 nunc
232 559 368 641 opusculi
391 562 486 639 ipsius
504 560 671 639 relegendis
690 560 826 622 versibus
845 560 1041 622 inmorabere.
1072 565 1143 643 scio,

129 660 217 732 atque
250 650 288 712 ob
319 649 376 709 hoc
408 666 528 710 carmen
560 651 659 728 ipsum
690 648 797 729 loquax
830 651 861 710 in
891 651 1142 730 consequentibus

128 741 231 802 charta
254 740 403 820 deportat,
426 756 502 816 quae
525 755 580 816 pro
603 755 651 799 me
670 740 804 821 iuterim,
828 738 899 799 dum
917 741 1014 821 venio,
1035 738 1142 801 diebus
1169 755 1183 796 s

127 830 184 891 tibi
197 817 348 909 'pauculis
377 828 601 887 sermocinetur.
648 829 696 888 cui
727 829 753 888 si
780 829 925 888 examinis
952 830 998 890 tui
1025 847 1142 908 quoque

128 925 239 999 puncta
257 917 435 997 tribuantur,
460 933 553 995 aeque
572 923 687 994 gratum
706 916 788 997 mihi,
808 935 841 978 ac
861 919 887 977 si
905 935 952 977 me
972 920 1003 977 in
1023 919 1142 978 comitio

127 1007 174 1068 vel
202 1010 281 1068 inter
308 1011 405 1066 rostra
433 1006 622 1065 contionante
650 1004 687 1065 ad
715 1005 823 1084 sophos
848 1024 950 1066 meum
971 1024 1031 1067 non
1054 1006 1142 1066 modo

127 1097 181 1158 lati
204 1096 279 1158 clavi
303 1094 355 1155 sed
378 1093 535 1154 tribulium
558 1112 676 1173 quoque
700 1095 799 1174 fragor
821 1097 1029 1156 concitaretur.
1072 1113 1143 1156 sane

128 1203 236 1246 moneo
259 1201 390 1264 praeque
410 1182 551 1244 denuntio
572 1182 748 1262 quisquilias
767 1186 847 1263 ipsas
867 1184 948 1245 Clius
966 1190 1035 1246 tuae
1054 1184 1185 1245 nexa-10

129 1275 234 1337 metris
257 1274 381 1333 minime
405 1289 560 1351 exaeques.
593 1274 700 1332 merito
720 1274 801 1332 onim
819 1273 934 1334 conlata
952 1275 1059 1334 vestris
1078 1283 1156 1334 mea·

129 1359 261 1425 carmina
280 1380 340 1422 non
358 1361 547 1422 heroicorum
565 1359 695 1440 phaleris
715 1361 767 1422 sed
786 1362 1031 1442 epitaphistarum
1045 1364 1143 1423 neniis

131 1450 389 1532 comparabuntur.
427 1446 456 1512 8.
480 1456 609 1510 attamen
633 1449 736 1532 gaude,
760 1450 839 1530 quod
861 1450 910 1512 hio
929 1453 993 1531 ipse
1016 1470 1143 1532 panegy-

129 1545 211 1603 ricus
234 1542 291 1602 etsi
314 1556 374 1600 nou
392 1539 537 1599 iudicium
556 1545 636 1600 certe
656 1546 794 1600 eventum
812 1538 884 1600 boni
903 1542 1002 1619 operis
1021 1542 1143 1619 accepit.

130 1636 326 1711 quapropter,
353 1630 379 1688 si
405 1634 506 1688 tamen
528 1628 634 1688 tetrica
658 1633 727 1688 sunt
750 1628 931 1689 amoenanda
954 1627 1184 1710 iocularibus,1s

129 1718 195 1779 volo
218 1721 356 1798 paginam
379 1716 508 1796 glorioso
536 1716 566 1776 id
583 1721 636 1777 'est
659 1718 744 1794 quasi
767 1716 969 1777 'lhrnsoniano
992 1718 1051 1778 fine
1075 1735 1145 1777 con-

130 1807 251 1870 cludere
281 1805 409 1867 Plautini
435 1804 671 1886 Pyrgopolinicis
699 1807 838 1865 imitator.
889 1807 980 1884 igitur
1013 1822 1081 1866 cum
1108 1805 1145 1865 ad

129 1897 348 1977 praefecturam
376 1895 431 1956 sub
455 1912 510 1974 ope
534 1893 645 1954 Christi
673 1893 735 1954 stili
763 1895 918 1956 occasione
948 1895 1145 1975 pervenerim,

131 1985 221 2048 iubeo
244 1993 288 2067 te,
312 1982 426 2046 scilicet
448 2002 502 2064 pro
525 1990 671 2062 potestate
695 1985 833 2065 cinctuti,
856 1983 989 2063 undique
1012 1984 1145 2045 omnium

131 2075 252 2137 laudum
285 2075 449 2135 convasatis
482 2071 743 2133 acclamationibus
775 2072 811 2133 ad
843 2079 922 2134 astra
954 2079 1087 2153 portare,
1120 2075 1145 2132 si
1159 2087 1186 2126 ro

133 2164 246 2246 placeo,
268 2162 476 2244 eloquentiam,
500 2163 526 2221 si
549 2161 701 2242 displiceo,
724 2160 902 2222 felicitatem.
948 2161 1049 2222 videre
1072 2161 1146 2222 mihi

130 2253 243 2333 videor,
260 2260 294 2314 ut
312 2251 421 2333 rideas,
439 2252 508 2329 quia
526 2252 672 2329 perspicis
690 2257 823 2312 nostram
842 2269 910 2312 cum
923 2251 1017 2311 milite
1032 2252 1145 2312 comico

130 2343 274 2403 ferocisse
297 2343 475 2402 iactantiam.
512 2337 583 2399 vale.

620 2583 659 2649 X.

282 2705 450 2762 SlDONIUS
469 2704 709 2761 CAMPANIANO
730 2704 798 2761 SUO
817 2705 996 2760 SALUTEM.

201 2836 230 2900 1.
249 2839 358 2917 Accepi
379 2856 434 2916 per
451 2837 635 2917 praelectum
654 2854 786 2898 annonae
805 2835 919 2897 litteras
938 2843 1014 2916 tuaS,
1037 2833 1146 2913 quibus
1160 2847 1186 2890 sc

132 2947 202 2990 eum
225 2927 281 2988 tibi
304 2927 435 2988 sodalem
457 2933 588 2987 veterem
611 2925 686 2987 mihi
703 2927 838 2986 insinuas
856 2925 949 2986 iudici
966 2941 1050 2984 novo.
1081 2941 1146 3002 gra-

131 3021 189 3080 tias
214 3035 268 3098 ago
291 3034 412 3096 magnas
431 3014 483 3096 illi,
506 3017 649 3075 maximas
667 3013 732 3095 tibi,
756 3014 835 3093 quod
854 3015 999 3074 statuistis
1019 3013 1055 3073 de
1075 3015 1146 3073 ami-

161 3312 167 3324 ·
206 3247 220 3295 1
241 3239 341 3296 senatu
361 3239 385 3295 O
394 3242 404 3308 i
419 3245 453 3294 1o
471 3237 560 3320 ipsap]
579 3237 651 3292 istas
670 3236 847 3318 loupehaco
863 3237 867 3306 Ι
884 3234 954 3321 clius
973 3236 1081 3307 LVM,
1099 3235 1148 3318 vel

130 3310 485 3487 opvs-tarr·
503 3309 716 3435 vaccua
735 3308 867 3448 arra
882 3307 1146 3461 :arverne

130 3449 1148 3667 msool,‡„ssj¹{iolidlgffitidbftt

353 3610 538 3665 campaniano
682 3635 692 3663 ,
710 3609 857 3663 campamo
