2660 4030
335 207 504 263 SIDONIUS
524 207 680 263 SYAGRIO
700 207 768 263 SUO
789 207 965 262 SALUTEM.
1098 207 1164 274 183

143 357 202 418 boc
233 362 374 418 constans
407 375 528 436 operam
555 366 687 440 exercet,
710 365 744 419 ut
765 357 927 419 maioribus
951 359 1014 418 suis
1038 365 1161 437 antepo-

145 454 242 508 natur.
288 444 318 507 4.
351 446 431 526 quod
455 454 606 528 superest,
630 447 719 508 deum
741 465 846 527 posco,
868 453 902 507 ut
924 453 953 507 tc
978 445 1032 507 tilii
1055 465 1160 509 conse-

145 543 276 614 quantur
298 541 358 616 aut,
381 535 460 615 quod
482 535 549 615 plus
573 536 658 596 decet
685 535 769 616 velle,
792 536 1016 616 transcendant,
1041 543 1071 597 et
1095 539 1161 616 qui·

148 642 274 704 cumque
319 642 380 685 non
422 627 550 685 sustinet
591 624 715 703 diligere
760 632 947 705 provectum,
992 624 1164 686 medullitus

145 719 316 775 aestuantes
340 732 357 774 a
380 721 475 774 semet
496 716 562 793 ipso
583 713 686 774 livoris
704 715 820 793 proprii
843 731 961 793 semper
980 716 1077 792 exigat
1095 732 1166 793 poe·
1193 735 1211 774 o

146 820 209 883 nas,
233 819 362 881 cumque
385 800 482 862 nullas
505 805 537 862 in
559 810 589 863 te
612 803 752 864 babuerit
773 819 916 881 umquam
939 802 1163 864 miscrIcordiae

147 909 260 973 causas,
279 889 386 952 habeat
408 892 551 972 invidiac3
575 891 723 971 siquidem
747 894 824 953 iuste
849 890 904 952 sub
929 893 1007 952 lusto
1030 893 1166 971 principe

146 982 235 1060 iacet,
260 982 324 1061 qui,
352 998 407 1059 per
430 999 462 1040 sc
485 982 627 1041 minimus
651 988 681 1043 et
703 987 819 1041 tantum
843 998 897 1060 per
921 998 974 1041 sua
997 998 1165 1062 maxumus,

142 1070 243 1129 animo
257 1071 391 1148 eilguus
414 1071 486 1130 vivit
509 1076 539 1130 et
560 1072 740 1149 patrimonio
764 1069 919 1149 plurimus.
952 1069 1024 1130 vale.

608 1312 697 1378 VIII.

337 1433 507 1491 SIDONIUS
526 1434 683 1490 SYAGRIO
703 1434 772 1491 SUO
790 1435 961 1491 SALUTEM
1180 1455 1206 1493 to

214 1548 242 1611 1.
279 1549 345 1631 llic,
369 1546 534 1609 Gallicanae
565 1548 619 1608 llos
649 1551 824 1629 inventutis,
858 1567 1013 1630 quousque
1043 1550 1165 1610 tandem

143 1639 289 1700 ruralium
325 1655 449 1717 operum
485 1640 658 1716 negotiosus
695 1637 808 1698 urbana
844 1635 983 1698 fastidis?
1020 1639 1165 1717 quamdiu

141 1730 259 1788 attritas
287 1734 468 1788 tesserarum
502 1726 650 1806 quondam
686 1726 814 1788 iactibus
841 1744 947 1788 manus
981 1735 1084 1787 contra
1118 1729 1166 1787 ius

144 1817 249 1896 sasque
273 1815 331 1876 sibi
353 1815 503 1876 vindicant
530 1817 729 1876 instrumenta
753 1812 893 1876 cerialia?
935 1834 1090 1895 quousque
1113 1823 1165 1876 tua

143 1913 174 1966 te
196 1905 382 1966 Taionnacus
401 1906 544 1984 patriciae
567 1907 671 1984 stirpis
694 1903 816 1965 lassabit
844 1901 1025 1983 agricolam?
1049 1923 1163 1984 quous·
1178 1924 1204 1964 15

142 2012 202 2074 que
239 1995 317 2074 prati
350 1995 494 2054 comantis
527 1996 647 2054 exuvias
679 1993 814 2055 bibernis
846 1991 1001 2055 novalibus
1035 2011 1095 2054 non
1128 2000 1164 2054 ut

143 2101 237 2162 eques
274 2083 326 2144 sed
367 2089 401 2142 ut
437 2081 584 2143 bubulcus
626 2079 806 2143 abscondis?
847 2101 1001 2162 quousque
1043 2083 1163 2162 pondus
1211 2095 1213 2100 ·

144 2171 252 2251 ligonis
276 2171 376 2232 obtusi
398 2190 454 2232 nec
476 2172 620 2250 perfossis
643 2171 763 2233 antibus
785 2168 895 2250 ponis?
931 2170 977 2251 2„
995 2172 1068 2251 quid
1093 2171 1164 2232 Ser-

142 2279 284 2323 ranorum
307 2259 440 2322 aemulus
464 2266 493 2320 et
517 2259 708 2320 Camillorum
732 2279 799 2321 cum
822 2278 909 2339 regas
933 2263 1048 2342 stivam,
1072 2261 1162 2321 dissi-

141 2350 237 2412 mulas
261 2357 363 2430 optare
386 2345 566 2428 palmatam?
593 2367 682 2427 parce
705 2357 820 2410 tantum
843 2352 874 2408 in
898 2349 1062 2410 nobilitatis
1086 2351 1161 2410 invi·
1176 2368 1203 2406 no
1252 2354 1255 2359 '

139 2439 221 2500 diam
244 2440 392 2500 rusticari
423 2456 527 2516 agrum
556 2439 581 2497 si
610 2438 800 2499 mediocrIter
829 2438 922 2518 colas,
950 2439 1103 2520 possides3
1136 2441 1163 2498 si

142 2531 276 2608 nimium,
298 2527 470 2607 possideris.
501 2527 592 2587 redde
611 2533 641 2586 te
660 2529 747 2608 patri,
766 2526 857 2586 redde
876 2533 906 2586 te
925 2529 1051 2608 patriae,
1070 2527 1163 2588 redde

141 2622 171 2675 te
196 2619 285 2676 etiam
303 2614 441 2677 fidelibus
460 2617 572 2696 amicis,
593 2618 645 2694 qui
667 2617 733 2676 iure
752 2623 906 2694 ponuntur
925 2618 1005 2676 inter
1029 2615 1163 2676 affectus.

141 2711 193 2764 aut
221 2707 246 2765 si
276 2712 306 2765 tc
334 2711 450 2765 tantum
479 2703 647 2765 Cincinnati
679 2704 833 2764 dictatoris
856 2706 915 2764 vita
941 2703 1081 2784 delectat,
1105 2703 1164 2764 duc

141 2799 210 2852 ante
243 2792 399 2872 Raciliam,
440 2811 515 2872 quae
552 2793 643 2854 boves
676 2796 786 2871 iungat
833 2789 862 2853 3.
904 2810 1002 2872 neque
1035 2791 1165 2852 dlxerim
1179 2809 1207 2850 oe

141 2883 271 2960 sapienti
293 2883 357 2941 viro
382 2899 446 2941 rem
469 2882 662 2943 domesticam
686 2899 746 2942 non
770 2899 835 2941 esse
860 2880 1031 2961 curandam,
1056 2880 1108 2940 sed
1129 2899 1164 2941 eo

213 3076 229 3124 3
250 3069 328 3138 quod
348 3069 382 3125 N
385 3069 483 3138 Mor,
507 3070 583 3140 quod
602 3073 631 3125 te
652 3071 679 3124 L
708 3069 712 3143 l
737 3070 801 3140 plus
816 3086 860 3125 *a
875 3068 957 3125 decet
976 3073 1007 3138 (2
1027 3071 1079 3124 litt.
1099 3086 1168 3129 eras.

146 3140 250 3210 N¹)N,
273 3141 356 3195 decet
374 3141 438 3210 plus
458 3142 484 3196 Τ
504 3145 514 3208 l
537 3147 554 3195 4
573 3140 696 3196 sustinet
714 3141 753 3207 L,
779 3141 901 3195 sustinet
919 3141 948 3195 te
966 3141 1006 3211 (te
1025 3157 1046 3196 a.
1066 3141 1083 3196 l.
1104 3141 1169 3196 add.

147 3212 181 3266 N
182 3212 280 3281 ¹)NM
283 3212 316 3281 0,
341 3211 483 3267 sustinent
501 3215 530 3267 te
550 3213 576 3267 Τ
596 3214 606 3282 l
628 3218 663 3266 20
682 3212 801 3266 tandem
821 3213 844 3268 0
864 3215 873 3281 ΙΙ
898 3217 932 3266 23
950 3213 980 3266 te
999 3219 1063 3267 cate
1081 3212 1170 3265 etlam

144 3301 196 3340 om.
215 3283 243 3337 L
268 3286 278 3354 q
305 3291 340 3338 24
358 3286 387 3338 te
406 3285 518 3338 tantum
536 3283 600 3338 ΒΝ
604 3284 650 3352 Μ,
673 3285 787 3338 tantum
805 3285 835 3338 te
856 3284 888 3353 O,
912 3285 1025 3337 tantum
1044 3284 1105 3352 (om.
1124 3285 1167 3350 te)

143 3371 165 3410 a.
186 3355 203 3408 t.
223 3356 287 3411 add.
303 3355 341 3410 Τι
374 3356 378 3423 Ι
413 3354 550 3410 ducanter
568 3353 681 3409 acilium
699 3355 738 3425 L,
763 3354 1016 3410 ducantcraoiliam
1033 3360 1115 3421 (corr.
1137 3357 1169 3408 tc

145 3426 253 3480 ducunt
276 3426 402 3481 erciliam
421 3427 476 3494 N1)
485 3427 527 3497 N,
551 3424 824 3482 ducsssaerciliam
846 3430 876 3494 (3
901 3427 952 3482 lut.
974 3443 1042 3482 eras.
1058 3425 1169 3493 Μ’)Μ,

145 3496 416 3639 (Ξῖῧαῖὲᾶῗῇίὶίω
436 3499 467 3567 Τ,
488 3499 542 3553 duc
561 3497 689 3553 erciliam
708 3497 732 3553 d
741 3501 751 3568 l
765 3502 799 3554 25
818 3498 939 3569 iungant
959 3502 1040 3569 (post¹
1060 3515 1079 3550 n
1097 3515 1167 3554 cros.
