2580 4042
476 213 627 270 OARMEN
646 215 745 271 XXlII.
1048 214 1112 279 349

258 365 366 423 miscet
388 370 493 423 cuncta
517 363 615 442 fragor
638 365 842 444 resuscitatus,

260 459 402 530 quantum
425 469 485 512 non
509 453 699 531 cyparissifer
720 452 861 532 LycaeuS,

260 547 401 619 quantum
425 559 485 601 non
508 559 664 602 nemorosa
686 541 763 602 tollit
786 540 859 602 Ossa

262 630 382 690 crebras
405 632 571 709 inrequieta
593 648 648 709 per
670 628 824 712 procellas,

188 731 240 779 420
260 726 402 797 quantum
424 737 480 780 nec
503 719 627 779 reboant
649 718 764 780 volutae
788 719 824 780 ab
848 719 956 780 Austro

258 807 344 868 Doris
367 807 518 868 Trinacris
542 815 591 869 aut
614 811 788 886 voraginoso

259 915 334 975 quae
357 895 443 957 vallat
466 897 526 957 sale
549 896 734 976 Bosphorum
757 896 924 976 Propontis.

259 985 308 1045 hic
331 1003 398 1045 mor
421 988 567 1064 praecipit
589 1004 700 1065 aequus
723 988 886 1065 imperator

259 1073 365 1153 palmis
388 1077 492 1155 serica,
514 1075 672 1154 torquibus
695 1093 821 1136 coronas

191 1174 243 1223 425
263 1165 403 1241 coniungi
426 1171 455 1224 et
478 1167 617 1225 meritum
641 1166 835 1245 remunerari,

262 1253 347 1312 victis
371 1253 415 1312 ire
439 1253 545 1313 iubens
569 1255 640 1314 satis
664 1253 811 1332 pudendis

260 1339 338 1401 villis
362 1341 590 1402 versicoloribus
613 1349 736 1421 tapetas.

306 1428 367 1490 lam
390 1448 460 1491 vero
483 1429 668 1490 iuvenalibus
691 1432 819 1509 peractis

263 1536 350 1597 quem
373 1526 403 1578 tc
426 1519 599 1598 praebueris
623 1527 766 1598 sequente
789 1521 820 1579 in
844 1537 924 1600 aevo,

191 1617 244 1667 430
262 1609 341 1668 intra
365 1607 461 1669 aulam
484 1610 582 1668 soceri
604 1611 664 1668 mei
687 1610 835 1686 expetitus

261 1714 363 1757 curam
386 1715 453 1758 cum
478 1696 647 1758 moderatus
671 1715 703 1757 es
726 1695 828 1777 Palati,

261 1785 371 1846 chartis
394 1785 611 1865 posterioribus
634 1785 800 1865 loquemur,

262 1874 288 1932 si
311 1873 378 1952 plus
401 1875 585 1954 temporibus
607 1882 691 1936 vacat
714 1875 835 1954 suturis3

261 1979 341 2023 nunc
364 1980 452 2040 quam
476 1965 605 2025 diximus
628 1963 857 2043 hospitalitatem

192 2060 244 2110 400
263 2052 365 2129 paucis
388 2059 529 2130 personet
552 2053 719 2132 obsequens
743 2053 852 2114 Thalia.

307 2137 331 2199 0
355 2139 451 2201 dulcis
474 2140 588 2223 domus,
611 2162 628 2201 0
651 2144 694 2221 pii
716 2149 848 2223 penates,

263 2246 337 2306 quos
362 2222 425 2311 (res
449 2228 578 2290 difficilis
603 2231 718 2309 sibique
742 2225 872 2316 discors)

204 2315 215 2334 ⁶
263 2315 386 2377 libertas
410 2317 499 2378 simul
522 2319 630 2379 excolit
653 2319 821 2399 pudorque!

263 2424 279 2465 ο
304 2408 445 2487 convivia,
468 2407 592 2488 fabulae,
615 2407 716 2488 libelli,

192 2505 244 2555 440
263 2497 352 2576 risus,
376 2497 509 2577 serietas,
533 2496 712 2575 dicacitatcS,

263 2601 413 2664 occursus,
437 2587 593 2645 comitatus
616 2603 694 2645 unus
717 2585 805 2664 idem,

263 2690 317 2733 seu
335 2672 461 2763 delubra
486 2673 534 2734 dci
558 2673 679 2734 colenda
702 2673 789 2733 nobis

192 2771 243 2820 445
263 2768 340 2822 tecta
363 2761 488 2823 illustria
513 2781 566 2823 scu
589 2762 715 2823 videnda
737 2761 810 2842 Livi,

194 2861 246 2909 443
266 2852 327 2909 sive
351 2851 387 2911 ad
410 2852 580 2930 pontificem
603 2851 712 2931 gradus
736 2851 860 2932 serendi,

265 2940 325 2999 sive
349 2939 385 3000 ad
409 2940 537 3000 culmina
560 2940 657 3000 Martii
679 2940 819 3022 MyroniS,

192 3038 244 3090 446
264 3029 325 3088 sive
348 3028 385 3088 ad
408 3028 569 3108 doctiloqui
591 3028 699 3089 Leonis
723 3029 811 3090 aedes

264 3109 338 3199 (quo
361 3116 408 3177 bis
433 3135 484 3177 sex
508 3117 623 3178 tabulas
645 3118 770 3178 docente
794 3119 869 3178 iuris

264 3204 342 3265 ultro
366 3205 506 3267 Claudius
529 3207 642 3286 Appius
665 3206 769 3267 lateret

263 3292 342 3354 claro
366 3294 522 3355 obscurior
545 3298 577 3355 in
600 3295 814 3376 decemviratu3

177 3505 228 3554 426
247 3500 394 3570 pudendos
413 3503 562 3558 Buecheler
584 3504 594 3571 ΙΙ
617 3508 669 3558 445
683 3509 748 3573 poet
765 3521 790 3558 0.
805 3507 861 3559 442
880 3504 1018 3559 revocavit
1036 3501 1118 3559 Luct-

112 3571 211 3641 101000
224 3576 233 3644 Ι]
246 3577 300 3626 444
319 3572 418 3628 marcii
439 3573 526 3629 OTF
537 3577 546 3644 ΙΙ
