<?xml version="1.0" encoding="UTF-8"?>
<!DOCTYPE html PUBLIC "-//W3C//DTD XHTML 1.0 Transitional//EN"
    "http://www.w3.org/TR/xhtml1/DTD/xhtml1-transitional.dtd">
<html xmlns="http://www.w3.org/1999/xhtml" xml:lang="en" lang="en">
 <head>
  <title>
</title>
<meta http-equiv="Content-Type" content="text/html;charset=utf-8" />
  <meta name='ocr-system' content='tesseract 3.04.00' />
  <meta name='ocr-capabilities' content='ocr_page ocr_carea ocr_par ocr_line ocrx_word'/>
</head>
<body>
  <div class='ocr_page' id='page_1' title='image "./csolliusapollin01apolgoog_0304.png"; bbox 0 0 2610 4056; ppageno 0'>
   <div class='ocr_carea' id='block_1_1' title="bbox 539 225 1149 302">
    <p class='ocr_par' dir='ltr' id='par_1_1' title="bbox 539 225 1149 302">
     <span class='ocr_line' id='line_1_1' title="bbox 539 225 1149 302; baseline -0.002 -20"><span class='ocrx_word' id='word_1_1' title='bbox 539 225 691 302; x_wconf 84' lang='grc'>555555</span> <span class='ocrx_word' id='word_1_2' title='bbox 708 227 743 284; x_wconf 88' lang='lat'>11.</span> <span class='ocrx_word' id='word_1_3' title='bbox 1083 227 1149 292; x_wconf 73' lang='grc'>542</span> 
     </span>
    </p>
   </div>
   <div class='ocr_carea' id='block_1_2' title="bbox 152 374 1148 3387">
    <p class='ocr_par' dir='ltr' id='par_1_2' title="bbox 152 374 1099 812">
     <span class='ocr_line' id='line_1_2' title="bbox 152 374 969 456; baseline 0 -18"><span class='ocrx_word' id='word_1_4' title='bbox 152 387 206 438; x_wconf 98' lang='grc'>255</span> <span class='ocrx_word' id='word_1_5' title='bbox 224 381 259 436; x_wconf 90' lang='grc'>51</span> <span class='ocrx_word' id='word_1_6' title='bbox 278 374 370 455; x_wconf 87' lang='grc'>551515</span> <span class='ocrx_word' id='word_1_7' title='bbox 394 375 513 436; x_wconf 82' lang='lat' dir='ltr'>cedant:</span> <span class='ocrx_word' id='word_1_8' title='bbox 538 379 581 436; x_wconf 93' lang='lat' dir='ltr'>sic</span> <span class='ocrx_word' id='word_1_9' title='bbox 602 383 726 456; x_wconf 90' lang='grc'>5255152</span> <span class='ocrx_word' id='word_1_10' title='bbox 747 375 861 456; x_wconf 87' lang='grc'>5255115</span> <span class='ocrx_word' id='word_1_11' title='bbox 884 385 969 438; x_wconf 89' lang='grc'>55105</span> 
     </span>
     <span class='ocr_line' id='line_1_3' title="bbox 226 464 1023 546; baseline 0.004 -22"><span class='ocrx_word' id='word_1_12' title='bbox 226 471 376 525; x_wconf 89' lang='lat' dir='ltr'>maternus</span> <span class='ocrx_word' id='word_1_13' title='bbox 399 464 544 526; x_wconf 80' lang='lat' dir='ltr'>deformat</span> <span class='ocrx_word' id='word_1_14' title='bbox 567 482 659 546; x_wconf 90' lang='grc'>52552,</span> <span class='ocrx_word' id='word_1_15' title='bbox 682 468 750 544; x_wconf 90' lang='lat' dir='ltr'>quia</span> <span class='ocrx_word' id='word_1_16' title='bbox 773 473 858 526; x_wconf 87' lang='lat' dir='ltr'>tensa</span> <span class='ocrx_word' id='word_1_17' title='bbox 881 484 1023 546; x_wconf 81' lang='lat' dir='ltr'>genarum</span> 
     </span>
     <span class='ocr_line' id='line_1_4' title="bbox 226 553 825 615; baseline 0 -1"><span class='ocrx_word' id='word_1_18' title='bbox 226 571 283 614; x_wconf 90' lang='grc'>505</span> <span class='ocrx_word' id='word_1_19' title='bbox 307 555 463 614; x_wconf 91' lang='grc'>1515215510</span> <span class='ocrx_word' id='word_1_20' title='bbox 487 555 520 614; x_wconf 88' lang='lat' dir='ltr'>lit</span> <span class='ocrx_word' id='word_1_21' title='bbox 543 553 630 614; x_wconf 89' lang='lat' dir='ltr'>latior</span> <span class='ocrx_word' id='word_1_22' title='bbox 653 572 722 615; x_wconf 89' lang='lat' dir='ltr'>area</span> <span class='ocrx_word' id='word_1_23' title='bbox 745 573 825 615; x_wconf 89' lang='lat' dir='ltr'>naso.</span> 
     </span>
     <span class='ocr_line' id='line_1_5' title="bbox 227 642 1099 725; baseline 0.002 -23"><span class='ocrx_word' id='word_1_24' title='bbox 227 649 323 703; x_wconf 85' lang='lat' dir='ltr'>cetera</span> <span class='ocrx_word' id='word_1_25' title='bbox 345 661 414 722; x_wconf 88' lang='lat' dir='ltr'>pars</span> <span class='ocrx_word' id='word_1_26' title='bbox 438 650 484 703; x_wconf 91' lang='lat' dir='ltr'>est</span> <span class='ocrx_word' id='word_1_27' title='bbox 506 642 630 722; x_wconf 89' lang='lat' dir='ltr'>pulchra</span> <span class='ocrx_word' id='word_1_28' title='bbox 652 646 739 705; x_wconf 89' lang='lat' dir='ltr'>viris:</span> <span class='ocrx_word' id='word_1_29' title='bbox 764 649 844 704; x_wconf 87' lang='lat' dir='ltr'>stant</span> <span class='ocrx_word' id='word_1_30' title='bbox 864 650 986 723; x_wconf 90' lang='lat' dir='ltr'>pectora</span> <span class='ocrx_word' id='word_1_31' title='bbox 1008 651 1099 725; x_wconf 88' lang='lat' dir='ltr'>vasta,</span> 
     </span>
     <span class='ocr_line' id='line_1_6' title="bbox 226 731 964 812; baseline 0.001 -21"><span class='ocrx_word' id='word_1_32' title='bbox 226 733 355 810; x_wconf 78' lang='lat' dir='ltr'>insignes</span> <span class='ocrx_word' id='word_1_33' title='bbox 378 734 484 812; x_wconf 92' lang='lat' dir='ltr'>umeri,</span> <span class='ocrx_word' id='word_1_34' title='bbox 508 733 659 792; x_wconf 90' lang='lat' dir='ltr'>succincta</span> <span class='ocrx_word' id='word_1_35' title='bbox 683 732 737 794; x_wconf 91' lang='lat' dir='ltr'>sub</span> <span class='ocrx_word' id='word_1_36' title='bbox 761 731 851 794; x_wconf 88' lang='lat' dir='ltr'>ilibus</span> <span class='ocrx_word' id='word_1_37' title='bbox 875 731 964 794; x_wconf 89' lang='lat' dir='ltr'>alvus.</span> 
     </span>
    </p>

    <p class='ocr_par' dir='ltr' id='par_1_3' title="bbox 156 819 1114 1255">
     <span class='ocr_line' id='line_1_7' title="bbox 156 819 1109 902; baseline 0.001 -22"><span class='ocrx_word' id='word_1_38' title='bbox 156 833 207 881; x_wconf 86' lang='grc'>200</span> <span class='ocrx_word' id='word_1_39' title='bbox 227 819 316 880; x_wconf 78' lang='lat' dir='ltr'>ferma</span> <span class='ocrx_word' id='word_1_40' title='bbox 340 820 460 899; x_wconf 91' lang='lat' dir='ltr'>quidem</span> <span class='ocrx_word' id='word_1_41' title='bbox 482 821 576 900; x_wconf 89' lang='lat' dir='ltr'>pediti</span> <span class='ocrx_word' id='word_1_42' title='bbox 597 820 695 882; x_wconf 91' lang='lat' dir='ltr'>media</span> <span class='ocrx_word' id='word_1_43' title='bbox 718 827 773 902; x_wconf 90' lang='grc'>551,</span> <span class='ocrx_word' id='word_1_44' title='bbox 794 839 919 901; x_wconf 90' lang='grc'>5255525</span> <span class='ocrx_word' id='word_1_45' title='bbox 943 820 995 882; x_wconf 89' lang='lat' dir='ltr'>sed</span> <span class='ocrx_word' id='word_1_46' title='bbox 1019 826 1109 902; x_wconf 81' lang='lat' dir='ltr'>extat,</span> 
     </span>
     <span class='ocr_line' id='line_1_8' title="bbox 227 909 985 991; baseline 0.003 -23"><span class='ocrx_word' id='word_1_47' title='bbox 227 911 377 970; x_wconf 85' lang='grc'>51552555</span> <span class='ocrx_word' id='word_1_48' title='bbox 401 911 530 988; x_wconf 81' lang='lat' dir='ltr'><strong>equites:</strong></span> <span class='ocrx_word' id='word_1_49' title='bbox 554 911 596 970; x_wconf 92' lang='lat' dir='ltr'>sic</span> <span class='ocrx_word' id='word_1_50' title='bbox 620 909 811 989; x_wconf 88' lang='grc'>1525155555</span> <span class='ocrx_word' id='word_1_51' title='bbox 835 916 985 991; x_wconf 89' lang='lat' dir='ltr'>putantur,</span> 
     </span>
     <span class='ocr_line' id='line_1_9' title="bbox 227 997 1085 1080; baseline 0.001 -22"><span class='ocrx_word' id='word_1_52' title='bbox 227 1003 249 1058; x_wconf 89' lang='lat' dir='ltr'>sl</span> <span class='ocrx_word' id='word_1_53' title='bbox 272 997 403 1059; x_wconf 83' lang='lat' dir='ltr'>sedeant.</span> <span class='ocrx_word' id='word_1_54' title='bbox 448 1000 497 1058; x_wconf 86' lang='lat' dir='ltr'>rix</span> <span class='ocrx_word' id='word_1_55' title='bbox 519 1006 614 1059; x_wconf 91' lang='lat' dir='ltr'>matre</span> <span class='ocrx_word' id='word_1_56' title='bbox 638 1017 742 1059; x_wconf 87' lang='lat' dir='ltr'>carens</span> <span class='ocrx_word' id='word_1_57' title='bbox 766 1005 800 1060; x_wconf 92' lang='lat' dir='ltr'>ut</span> <span class='ocrx_word' id='word_1_58' title='bbox 822 1001 955 1059; x_wconf 91' lang='lat' dir='ltr'>constitit</span> <span class='ocrx_word' id='word_1_59' title='bbox 977 999 1085 1080; x_wconf 86' lang='grc'>151555,</span> 
     </span>
     <span class='ocr_line' id='line_1_10' title="bbox 226 1085 992 1167; baseline 0.003 -21"><span class='ocrx_word' id='word_1_60' title='bbox 226 1105 291 1147; x_wconf 87' lang='grc'>552</span> <span class='ocrx_word' id='word_1_61' title='bbox 313 1085 437 1166; x_wconf 89' lang='lat' dir='ltr'>praehet</span> <span class='ocrx_word' id='word_1_62' title='bbox 459 1086 582 1147; x_wconf 89' lang='lat' dir='ltr'>dorsum</span> <span class='ocrx_word' id='word_1_63' title='bbox 606 1090 738 1167; x_wconf 71' lang='lat' dir='ltr'>sonipes,</span> <span class='ocrx_word' id='word_1_64' title='bbox 762 1095 885 1166; x_wconf 88' lang='lat' dir='ltr'>cognata</span> <span class='ocrx_word' id='word_1_65' title='bbox 908 1105 992 1148; x_wconf 90' lang='lat' dir='ltr'>reare</span> 
     </span>
     <span class='ocr_line' id='line_1_11' title="bbox 227 1174 1114 1255; baseline 0 -19"><span class='ocrx_word' id='word_1_66' title='bbox 227 1174 355 1236; x_wconf 88' lang='lat' dir='ltr'>membra</span> <span class='ocrx_word' id='word_1_67' title='bbox 377 1178 463 1236; x_wconf 86' lang='lat' dir='ltr'>viris:</span> <span class='ocrx_word' id='word_1_68' title='bbox 486 1178 527 1237; x_wconf 92' lang='lat' dir='ltr'>ita</span> <span class='ocrx_word' id='word_1_69' title='bbox 551 1194 669 1255; x_wconf 89' lang='lat' dir='ltr'>semper</span> <span class='ocrx_word' id='word_1_70' title='bbox 692 1194 769 1255; x_wconf 89' lang='lat' dir='ltr'>equo</span> <span class='ocrx_word' id='word_1_71' title='bbox 793 1195 847 1238; x_wconf 92' lang='lat' dir='ltr'>ceu</span> <span class='ocrx_word' id='word_1_72' title='bbox 871 1177 947 1237; x_wconf 88' lang='grc'>11255</span> <span class='ocrx_word' id='word_1_73' title='bbox 971 1175 1114 1237; x_wconf 84' lang='lat' dir='ltr'>adhaeret</span> 
     </span>
    </p>

    <p class='ocr_par' dir='ltr' id='par_1_4' title="bbox 155 1264 1033 1700">
     <span class='ocr_line' id='line_1_12' title="bbox 155 1264 998 1346; baseline 0 -22"><span class='ocrx_word' id='word_1_74' title='bbox 155 1275 208 1325; x_wconf 87' lang='grc'>255</span> <span class='ocrx_word' id='word_1_75' title='bbox 227 1271 334 1344; x_wconf 83' lang='grc'>255152;</span> <span class='ocrx_word' id='word_1_76' title='bbox 358 1264 551 1344; x_wconf 85' lang='lat' dir='ltr'>cornipedum</span> <span class='ocrx_word' id='word_1_77' title='bbox 574 1271 657 1343; x_wconf 90' lang='grc'>15255</span> <span class='ocrx_word' id='word_1_78' title='bbox 682 1283 754 1344; x_wconf 88' lang='grc'>5555</span> <span class='ocrx_word' id='word_1_79' title='bbox 778 1265 998 1346; x_wconf 90' lang='grc'>511525152152,</span> 
     </span>
     <span class='ocr_line' id='line_1_13' title="bbox 228 1352 1009 1435; baseline 0.001 -23"><span class='ocrx_word' id='word_1_80' title='bbox 228 1352 295 1414; x_wconf 83' lang='lat' dir='ltr'>haec</span> <span class='ocrx_word' id='word_1_81' title='bbox 318 1352 438 1414; x_wconf 89' lang='lat' dir='ltr'>habitat.</span> <span class='ocrx_word' id='word_1_82' title='bbox 483 1360 594 1414; x_wconf 89' lang='lat' dir='ltr'>teretes</span> <span class='ocrx_word' id='word_1_83' title='bbox 618 1372 704 1414; x_wconf 90' lang='lat' dir='ltr'>arcus</span> <span class='ocrx_word' id='word_1_84' title='bbox 728 1361 758 1414; x_wconf 93' lang='grc'>51</span> <span class='ocrx_word' id='word_1_85' title='bbox 781 1352 894 1433; x_wconf 90' lang='grc'>5515515</span> <span class='ocrx_word' id='word_1_86' title='bbox 917 1354 1009 1435; x_wconf 88' lang='lat' dir='ltr'>cordi,</span> 
     </span>
     <span class='ocr_line' id='line_1_14' title="bbox 228 1441 1033 1521; baseline 0.002 -19"><span class='ocrx_word' id='word_1_87' title='bbox 228 1441 372 1503; x_wconf 86' lang='lat' dir='ltr'>terribiles</span> <span class='ocrx_word' id='word_1_88' title='bbox 396 1450 553 1520; x_wconf 86' lang='lat' dir='ltr'>certaeque</span> <span class='ocrx_word' id='word_1_89' title='bbox 576 1460 682 1503; x_wconf 90' lang='lat' dir='ltr'>manus</span> <span class='ocrx_word' id='word_1_90' title='bbox 706 1441 869 1521; x_wconf 91' lang='lat' dir='ltr'>iaculisque</span> <span class='ocrx_word' id='word_1_91' title='bbox 893 1442 1033 1504; x_wconf 82' lang='lat' dir='ltr'>serendae</span> 
     </span>
     <span class='ocr_line' id='line_1_15' title="bbox 228 1531 969 1611; baseline 0.001 -20"><span class='ocrx_word' id='word_1_92' title='bbox 228 1533 327 1592; x_wconf 80' lang='lat' dir='ltr'>martis</span> <span class='ocrx_word' id='word_1_93' title='bbox 350 1531 408 1592; x_wconf 85' lang='lat' dir='ltr'>lixa</span> <span class='ocrx_word' id='word_1_94' title='bbox 431 1531 505 1591; x_wconf 87' lang='lat' dir='ltr'>fides</span> <span class='ocrx_word' id='word_1_95' title='bbox 528 1538 558 1591; x_wconf 93' lang='lat' dir='ltr'>et</span> <span class='ocrx_word' id='word_1_96' title='bbox 580 1549 640 1592; x_wconf 89' lang='lat' dir='ltr'>non</span> <span class='ocrx_word' id='word_1_97' title='bbox 663 1538 803 1611; x_wconf 85' lang='lat' dir='ltr'>peccante</span> <span class='ocrx_word' id='word_1_98' title='bbox 828 1531 883 1592; x_wconf 90' lang='lat' dir='ltr'>suh</span> <span class='ocrx_word' id='word_1_99' title='bbox 907 1534 969 1592; x_wconf 91' lang='lat' dir='ltr'>ictu</span> 
     </span>
     <span class='ocr_line' id='line_1_16' title="bbox 229 1619 950 1700; baseline 0 -20"><span class='ocrx_word' id='word_1_100' title='bbox 229 1620 345 1680; x_wconf 80' lang='lat' dir='ltr'>ednctus</span> <span class='ocrx_word' id='word_1_101' title='bbox 367 1638 492 1700; x_wconf 90' lang='lat' dir='ltr'>peccare</span> <span class='ocrx_word' id='word_1_102' title='bbox 516 1619 606 1681; x_wconf 89' lang='grc'>15202.</span> <span class='ocrx_word' id='word_1_103' title='bbox 653 1638 726 1699; x_wconf 89' lang='grc'>5555</span> <span class='ocrx_word' id='word_1_104' title='bbox 748 1622 805 1680; x_wconf 86' lang='grc'>1515</span> <span class='ocrx_word' id='word_1_105' title='bbox 828 1626 950 1699; x_wconf 89' lang='grc'>2555515</span> 
     </span>
    </p>

    <p class='ocr_par' dir='ltr' id='par_1_5' title="bbox 157 1707 1117 2144">
     <span class='ocr_line' id='line_1_17' title="bbox 157 1707 1117 1789; baseline -0.001 -20"><span class='ocrx_word' id='word_1_106' title='bbox 157 1720 209 1771; x_wconf 78' lang='grc'>210</span> <span class='ocrx_word' id='word_1_107' title='bbox 229 1727 382 1789; x_wconf 86' lang='lat' dir='ltr'>crumpens</span> <span class='ocrx_word' id='word_1_108' title='bbox 406 1708 592 1789; x_wconf 88' lang='lat' dir='ltr'>solidumque</span> <span class='ocrx_word' id='word_1_109' title='bbox 617 1711 691 1768; x_wconf 91' lang='grc'>25115</span> <span class='ocrx_word' id='word_1_110' title='bbox 714 1715 881 1769; x_wconf 83' lang='grc'>1255525515</span> <span class='ocrx_word' id='word_1_111' title='bbox 904 1726 958 1788; x_wconf 86' lang='grc'>552</span> <span class='ocrx_word' id='word_1_112' title='bbox 980 1707 1117 1769; x_wconf 88' lang='lat' dir='ltr'>Histrum</span> 
     </span>
     <span class='ocr_line' id='line_1_18' title="bbox 228 1796 964 1876; baseline 0 -18"><span class='ocrx_word' id='word_1_113' title='bbox 228 1805 395 1859; x_wconf 78' lang='grc'>255525151</span> <span class='ocrx_word' id='word_1_114' title='bbox 418 1801 512 1859; x_wconf 88' lang='lat' dir='ltr'>siccas</span> <span class='ocrx_word' id='word_1_115' title='bbox 534 1797 680 1859; x_wconf 83' lang='lat' dir='ltr'>inciderat</span> <span class='ocrx_word' id='word_1_116' title='bbox 704 1796 799 1858; x_wconf 89' lang='lat' dir='ltr'>orbita</span> <span class='ocrx_word' id='word_1_117' title='bbox 822 1796 964 1876; x_wconf 83' lang='lat' dir='ltr'>lymphas.</span> 
     </span>
     <span class='ocr_line' id='line_1_19' title="bbox 228 1885 986 1966; baseline 0.001 -21"><span class='ocrx_word' id='word_1_118' title='bbox 228 1885 298 1946; x_wconf 87' lang='grc'>12525</span> <span class='ocrx_word' id='word_1_119' title='bbox 321 1894 355 1947; x_wconf 90' lang='grc'>15</span> <span class='ocrx_word' id='word_1_120' title='bbox 378 1886 509 1948; x_wconf 90' lang='lat' dir='ltr'>directus</span> <span class='ocrx_word' id='word_1_121' title='bbox 532 1885 715 1966; x_wconf 85' lang='grc'>5521155155</span> <span class='ocrx_word' id='word_1_122' title='bbox 738 1905 809 1947; x_wconf 90' lang='grc'>2525</span> <span class='ocrx_word' id='word_1_123' title='bbox 831 1892 986 1965; x_wconf 88' lang='lat' dir='ltr'>vagantem</span> 
     </span>
     <span class='ocr_line' id='line_1_20' title="bbox 231 1974 1071 2057; baseline 0 -23"><span class='ocrx_word' id='word_1_124' title='bbox 231 1982 326 2034; x_wconf 89' lang='lat' dir='ltr'>conra</span> <span class='ocrx_word' id='word_1_125' title='bbox 349 1977 385 2055; x_wconf 91' lang='lat' dir='ltr'>is,</span> <span class='ocrx_word' id='word_1_126' title='bbox 408 1976 587 2057; x_wconf 81' lang='lat' dir='ltr'>aggrederis,</span> <span class='ocrx_word' id='word_1_127' title='bbox 612 1993 745 2056; x_wconf 88' lang='lat' dir='ltr'>superas,</span> <span class='ocrx_word' id='word_1_128' title='bbox 767 1974 909 2056; x_wconf 73' lang='lat' dir='ltr'>includis,</span> <span class='ocrx_word' id='word_1_129' title='bbox 933 1981 963 2034; x_wconf 89' lang='grc'>51</span> <span class='ocrx_word' id='word_1_130' title='bbox 986 1981 1071 2036; x_wconf 93' lang='grc'>5115</span> 
     </span>
     <span class='ocr_line' id='line_1_21' title="bbox 229 2064 891 2144; baseline 0.002 -21"><span class='ocrx_word' id='word_1_131' title='bbox 229 2070 332 2124; x_wconf 86' lang='grc'>2551515</span> <span class='ocrx_word' id='word_1_132' title='bbox 356 2066 452 2143; x_wconf 86' lang='grc'>555115</span> <span class='ocrx_word' id='word_1_133' title='bbox 475 2071 641 2125; x_wconf 88' lang='lat' dir='ltr'>castrorum</span> <span class='ocrx_word' id='word_1_134' title='bbox 665 2064 785 2126; x_wconf 87' lang='lat' dir='ltr'>Serdica</span> <span class='ocrx_word' id='word_1_135' title='bbox 809 2064 891 2144; x_wconf 88' lang='lat' dir='ltr'>vidit,</span> 
     </span>
    </p>

    <p class='ocr_par' dir='ltr' id='par_1_6' title="bbox 159 2151 1079 2588">
     <span class='ocr_line' id='line_1_22' title="bbox 159 2151 1040 2232; baseline -0.001 -19"><span class='ocrx_word' id='word_1_136' title='bbox 159 2164 210 2214; x_wconf 78' lang='grc'>225</span> <span class='ocrx_word' id='word_1_137' title='bbox 231 2151 379 2213; x_wconf 78' lang='grc'>5125211055</span> <span class='ocrx_word' id='word_1_138' title='bbox 402 2155 524 2232; x_wconf 89' lang='grc'>5252515.</span> <span class='ocrx_word' id='word_1_139' title='bbox 570 2172 645 2232; x_wconf 93' lang='lat' dir='ltr'>quae</span> <span class='ocrx_word' id='word_1_140' title='bbox 668 2161 698 2213; x_wconf 91' lang='lat' dir='ltr'>te</span> <span class='ocrx_word' id='word_1_141' title='bbox 723 2155 766 2214; x_wconf 91' lang='grc'>515</span> <span class='ocrx_word' id='word_1_142' title='bbox 789 2160 923 2232; x_wconf 85' lang='grc'>15525525</span> <span class='ocrx_word' id='word_1_143' title='bbox 947 2151 1040 2213; x_wconf 89' lang='lat' dir='ltr'>multe</span> 
     </span>
     <span class='ocr_line' id='line_1_23' title="bbox 230 2240 1025 2322; baseline 0 -21"><span class='ocrx_word' id='word_1_144' title='bbox 230 2244 262 2301; x_wconf 92' lang='lat' dir='ltr'>iu</span> <span class='ocrx_word' id='word_1_145' title='bbox 285 2240 351 2302; x_wconf 65' lang='lat' dir='ltr'>*alle</span> <span class='ocrx_word' id='word_1_146' title='bbox 374 2243 505 2319; x_wconf 88' lang='lat' dir='ltr'>pesitum</span> <span class='ocrx_word' id='word_1_147' title='bbox 529 2244 651 2322; x_wconf 83' lang='lat' dir='ltr'>stupuit,</span> <span class='ocrx_word' id='word_1_148' title='bbox 671 2241 750 2320; x_wconf 86' lang='lat' dir='ltr'>quod</span> <span class='ocrx_word' id='word_1_149' title='bbox 773 2241 859 2302; x_wconf 92' lang='lat' dir='ltr'>miles</span> <span class='ocrx_word' id='word_1_150' title='bbox 883 2244 915 2301; x_wconf 91' lang='lat' dir='ltr'>in</span> <span class='ocrx_word' id='word_1_151' title='bbox 938 2259 1025 2318; x_wconf 89' lang='lat' dir='ltr'>agros</span> 
     </span>
     <span class='ocr_line' id='line_1_24' title="bbox 229 2329 902 2392; baseline -0.001 -1"><span class='ocrx_word' id='word_1_152' title='bbox 229 2348 285 2391; x_wconf 92' lang='lat' dir='ltr'>nec</span> <span class='ocrx_word' id='word_1_153' title='bbox 300 2329 391 2391; x_wconf 89' lang='lat' dir='ltr'>licitis</span> <span class='ocrx_word' id='word_1_154' title='bbox 414 2346 470 2390; x_wconf 90' lang='lat' dir='ltr'>nec</span> <span class='ocrx_word' id='word_1_155' title='bbox 493 2329 610 2390; x_wconf 87' lang='lat' dir='ltr'>furtivis</span> <span class='ocrx_word' id='word_1_156' title='bbox 634 2329 810 2392; x_wconf 83' lang='lat' dir='ltr'>excursibus</span> <span class='ocrx_word' id='word_1_157' title='bbox 832 2331 902 2390; x_wconf 89' lang='lat' dir='ltr'>ibat.</span> 
     </span>
     <span class='ocr_line' id='line_1_25' title="bbox 231 2417 1079 2500; baseline 0 -21"><span class='ocrx_word' id='word_1_158' title='bbox 231 2421 280 2479; x_wconf 90' lang='lat' dir='ltr'>cui</span> <span class='ocrx_word' id='word_1_159' title='bbox 296 2419 422 2479; x_wconf 50' lang='lat' dir='ltr'>deesset¹</span> <span class='ocrx_word' id='word_1_160' title='bbox 436 2436 504 2478; x_wconf 91' lang='lat' dir='ltr'>cum</span> <span class='ocrx_word' id='word_1_161' title='bbox 528 2436 616 2497; x_wconf 91' lang='lat' dir='ltr'>saepe</span> <span class='ocrx_word' id='word_1_162' title='bbox 640 2417 731 2479; x_wconf 89' lang='lat' dir='ltr'>Ceres</span> <span class='ocrx_word' id='word_1_163' title='bbox 756 2437 932 2498; x_wconf 88' lang='lat' dir='ltr'>semperque</span> <span class='ocrx_word' id='word_1_164' title='bbox 955 2418 1079 2500; x_wconf 82' lang='lat' dir='ltr'>Lyaeus,</span> 
     </span>
     <span class='ocr_line' id='line_1_26' title="bbox 231 2505 997 2588; baseline 0.001 -21"><span class='ocrx_word' id='word_1_165' title='bbox 231 2507 381 2586; x_wconf 89' lang='lat' dir='ltr'>discplina</span> <span class='ocrx_word' id='word_1_166' title='bbox 402 2515 502 2568; x_wconf 90' lang='lat' dir='ltr'>tamen</span> <span class='ocrx_word' id='word_1_167' title='bbox 525 2524 585 2566; x_wconf 92' lang='lat' dir='ltr'>non</span> <span class='ocrx_word' id='word_1_168' title='bbox 608 2505 715 2588; x_wconf 81' lang='lat' dir='ltr'>deluit3</span> <span class='ocrx_word' id='word_1_169' title='bbox 738 2507 807 2567; x_wconf 92' lang='lat' dir='ltr'>inde</span> <span class='ocrx_word' id='word_1_170' title='bbox 830 2510 997 2586; x_wconf 85' lang='lat' dir='ltr'>propinque</span> 
     </span>
    </p>

    <p class='ocr_par' dir='ltr' id='par_1_7' title="bbox 159 2595 1148 3032">
     <span class='ocr_line' id='line_1_27' title="bbox 159 2595 1148 2678; baseline -0.002 -20"><span class='ocrx_word' id='word_1_171' title='bbox 159 2609 211 2660; x_wconf 84' lang='grc'>280</span> <span class='ocrx_word' id='word_1_172' title='bbox 229 2596 307 2656; x_wconf 74' lang='lat' dir='ltr'>hoste</span> <span class='ocrx_word' id='word_1_173' title='bbox 330 2598 424 2676; x_wconf 90' lang='lat' dir='ltr'>magis</span> <span class='ocrx_word' id='word_1_174' title='bbox 447 2598 574 2656; x_wconf 87' lang='lat' dir='ltr'>timuere</span> <span class='ocrx_word' id='word_1_175' title='bbox 598 2595 711 2656; x_wconf 90' lang='lat' dir='ltr'>ducem.</span> <span class='ocrx_word' id='word_1_176' title='bbox 750 2597 793 2656; x_wconf 92' lang='lat' dir='ltr'>sic</span> <span class='ocrx_word' id='word_1_177' title='bbox 816 2595 943 2675; x_wconf 86' lang='lat' dir='ltr'>denique</span> <span class='ocrx_word' id='word_1_178' title='bbox 962 2596 1072 2658; x_wconf 89' lang='lat' dir='ltr'>factum</span> <span class='ocrx_word' id='word_1_179' title='bbox 1091 2603 1148 2678; x_wconf 90' lang='lat' dir='ltr'>est,</span> 
     </span>
     <span class='ocr_line' id='line_1_28' title="bbox 229 2683 1106 2765; baseline -0.002 -20"><span class='ocrx_word' id='word_1_180' title='bbox 229 2692 263 2745; x_wconf 94' lang='lat' dir='ltr'>ut</span> <span class='ocrx_word' id='word_1_181' title='bbox 286 2687 376 2747; x_wconf 82' lang='grc'>555155</span> <span class='ocrx_word' id='word_1_182' title='bbox 399 2693 463 2746; x_wconf 90' lang='lat' dir='ltr'>tum</span> <span class='ocrx_word' id='word_1_183' title='bbox 487 2685 563 2745; x_wconf 90' lang='grc'>10215</span> <span class='ocrx_word' id='word_1_184' title='bbox 586 2691 664 2765; x_wconf 89' lang='grc'>1555,</span> <span class='ocrx_word' id='word_1_185' title='bbox 687 2702 756 2744; x_wconf 84' lang='lat' dir='ltr'>mox</span> <span class='ocrx_word' id='word_1_186' title='bbox 779 2684 922 2765; x_wconf 89' lang='lat' dir='ltr'>proditor,</span> <span class='ocrx_word' id='word_1_187' title='bbox 946 2683 1005 2744; x_wconf 89' lang='grc'>11115</span> <span class='ocrx_word' id='word_1_188' title='bbox 1104 2757 1106 2762; x_wconf 23' lang='grc' dir='ltr'>Ι</span> 
     </span>
     <span class='ocr_line' id='line_1_29' title="bbox 231 2774 1049 2853; baseline -0.004 -18"><span class='ocrx_word' id='word_1_189' title='bbox 231 2774 333 2835; x_wconf 84' lang='lat' dir='ltr'>frustra</span> <span class='ocrx_word' id='word_1_190' title='bbox 355 2782 438 2853; x_wconf 91' lang='lat' dir='ltr'>terga</span> <span class='ocrx_word' id='word_1_191' title='bbox 462 2774 546 2834; x_wconf 87' lang='lat' dir='ltr'>daret</span> <span class='ocrx_word' id='word_1_192' title='bbox 569 2775 745 2834; x_wconf 89' lang='lat' dir='ltr'>commissae</span> <span class='ocrx_word' id='word_1_193' title='bbox 767 2779 900 2852; x_wconf 91' lang='lat' dir='ltr'>tempore</span> <span class='ocrx_word' id='word_1_194' title='bbox 924 2790 1049 2852; x_wconf 86' lang='lat' dir='ltr'>pugnae.</span> 
     </span>
     <span class='ocr_line' id='line_1_30' title="bbox 231 2860 1066 2944; baseline -0.002 -21"><span class='ocrx_word' id='word_1_195' title='bbox 231 2865 284 2942; x_wconf 92' lang='lat' dir='ltr'>qui</span> <span class='ocrx_word' id='word_1_196' title='bbox 305 2881 357 2924; x_wconf 84' lang='lat' dir='ltr'>am</span> <span class='ocrx_word' id='word_1_197' title='bbox 380 2882 448 2925; x_wconf 89' lang='lat' dir='ltr'>cum</span> <span class='ocrx_word' id='word_1_198' title='bbox 471 2863 587 2942; x_wconf 90' lang='grc'>1555251</span> <span class='ocrx_word' id='word_1_199' title='bbox 609 2861 685 2922; x_wconf 86' lang='lat' dir='ltr'>flexo</span> <span class='ocrx_word' id='word_1_200' title='bbox 708 2861 783 2941; x_wconf 90' lang='lat' dir='ltr'>pede</span> <span class='ocrx_word' id='word_1_201' title='bbox 808 2878 918 2922; x_wconf 85' lang='lat' dir='ltr'>cornua</span> <span class='ocrx_word' id='word_1_202' title='bbox 940 2860 1066 2944; x_wconf 91' lang='lat' dir='ltr'>nudans,</span> 
     </span>
     <span class='ocr_line' id='line_1_31' title="bbox 231 2950 894 3032; baseline -0.003 -20"><span class='ocrx_word' id='word_1_203' title='bbox 231 2959 265 3013; x_wconf 92' lang='lat' dir='ltr'>tu</span> <span class='ocrx_word' id='word_1_204' title='bbox 289 2951 377 3013; x_wconf 81' lang='lat' dir='ltr'>sabas</span> <span class='ocrx_word' id='word_1_205' title='bbox 401 2954 480 3013; x_wconf 92' lang='lat' dir='ltr'>acies</span> <span class='ocrx_word' id='word_1_206' title='bbox 504 2950 594 3032; x_wconf 90' lang='grc'>55155,</span> <span class='ocrx_word' id='word_1_207' title='bbox 617 2957 646 3011; x_wconf 91' lang='grc'>15</span> <span class='ocrx_word' id='word_1_208' title='bbox 671 2969 772 3030; x_wconf 88' lang='grc'>555255</span> <span class='ocrx_word' id='word_1_209' title='bbox 795 2950 894 3029; x_wconf 88' lang='grc'>155551</span> 
     </span>
    </p>

    <p class='ocr_par' dir='ltr' id='par_1_8' title="bbox 160 3039 1001 3387">
     <span class='ocr_line' id='line_1_32' title="bbox 160 3039 950 3120; baseline -0.008 -16"><span class='ocrx_word' id='word_1_210' title='bbox 160 3054 212 3104; x_wconf 81' lang='grc'>255</span> <span class='ocrx_word' id='word_1_211' title='bbox 232 3043 346 3120; x_wconf 83' lang='lat' dir='ltr'>expetit</span> <span class='ocrx_word' id='word_1_212' title='bbox 369 3041 491 3102; x_wconf 89' lang='lat' dir='ltr'>ductore</span> <span class='ocrx_word' id='word_1_213' title='bbox 514 3058 628 3120; x_wconf 89' lang='lat' dir='ltr'>manus,</span> <span class='ocrx_word' id='word_1_214' title='bbox 651 3047 680 3100; x_wconf 95' lang='lat' dir='ltr'>te</span> <span class='ocrx_word' id='word_1_215' title='bbox 703 3039 794 3100; x_wconf 90' lang='lat' dir='ltr'>Marte</span> <span class='ocrx_word' id='word_1_216' title='bbox 817 3039 950 3118; x_wconf 88' lang='lat' dir='ltr'>pedestri</span> 
     </span>
     <span class='ocr_line' id='line_1_33' title="bbox 231 3127 1001 3210; baseline -0.004 -19"><span class='ocrx_word' id='word_1_217' title='bbox 231 3129 377 3191; x_wconf 83' lang='lat' dir='ltr'>sudartem</span> <span class='ocrx_word' id='word_1_218' title='bbox 400 3127 553 3208; x_wconf 88' lang='lat' dir='ltr'>repetebat</span> <span class='ocrx_word' id='word_1_219' title='bbox 576 3146 677 3210; x_wconf 91' lang='lat' dir='ltr'>eques,</span> <span class='ocrx_word' id='word_1_220' title='bbox 699 3136 750 3188; x_wconf 89' lang='lat' dir='ltr'>tua</span> <span class='ocrx_word' id='word_1_221' title='bbox 774 3129 857 3206; x_wconf 90' lang='lat' dir='ltr'>signa</span> <span class='ocrx_word' id='word_1_222' title='bbox 881 3135 1001 3188; x_wconf 90' lang='lat' dir='ltr'>secutus</span> 
     </span>
     <span class='ocr_line' id='line_1_34' title="bbox 230 3214 931 3280; baseline -0.001 -1"><span class='ocrx_word' id='word_1_223' title='bbox 230 3236 291 3280; x_wconf 89' lang='lat' dir='ltr'>uon</span> <span class='ocrx_word' id='word_1_224' title='bbox 314 3236 336 3279; x_wconf 75' lang='lat' dir='ltr'>ae</span> <span class='ocrx_word' id='word_1_225' title='bbox 361 3218 512 3279; x_wconf 89' lang='lat' dir='ltr'>desertum</span> <span class='ocrx_word' id='word_1_226' title='bbox 535 3219 629 3279; x_wconf 92' lang='lat' dir='ltr'>sensit</span> <span class='ocrx_word' id='word_1_227' title='bbox 652 3219 812 3278; x_wconf 87' lang='lat' dir='ltr'>certamine</span> <span class='ocrx_word' id='word_1_228' title='bbox 835 3214 931 3278; x_wconf 91' lang='lat' dir='ltr'>miles.</span> 
     </span>
     <span class='ocr_line' id='line_1_35' title="bbox 230 3305 931 3387; baseline -0.004 -19"><span class='ocrx_word' id='word_1_229' title='bbox 230 3310 334 3368; x_wconf 86' lang='lat' dir='ltr'>inum</span> <span class='ocrx_word' id='word_1_230' title='bbox 357 3315 387 3368; x_wconf 93' lang='grc'>51</span> <span class='ocrx_word' id='word_1_231' title='bbox 409 3310 519 3369; x_wconf 82' lang='grc'>2515215</span> <span class='ocrx_word' id='word_1_232' title='bbox 541 3306 643 3386; x_wconf 89' lang='grc'>520152</span> <span class='ocrx_word' id='word_1_233' title='bbox 665 3308 822 3385; x_wconf 91' lang='lat' dir='ltr'>praeconia</span> <span class='ocrx_word' id='word_1_234' title='bbox 845 3305 931 3387; x_wconf 88' lang='lat' dir='ltr'>Tulli,</span> 
     </span>
    </p>
   </div>
   <div class='ocr_carea' id='block_1_3' title="bbox 139 3472 1147 3658">
    <p class='ocr_par' dir='ltr' id='par_1_9' title="bbox 139 3472 1147 3658">
     <span class='ocr_line' id='line_1_36' title="bbox 212 3472 1145 3584; baseline -0.002 -16"><span class='ocrx_word' id='word_1_235' title='bbox 212 3519 263 3568; x_wconf 77' lang='grc'>211</span> <span class='ocrx_word' id='word_1_236' title='bbox 289 3513 369 3568; x_wconf 85' lang='grc'>51555</span> <span class='ocrx_word' id='word_1_237' title='bbox 391 3530 453 3584; x_wconf 61' lang='lat' dir='ltr'>epa·</span> <span class='ocrx_word' id='word_1_238' title='bbox 482 3515 573 3568; x_wconf 87' lang='grc'>555155</span> <span class='ocrx_word' id='word_1_239' title='bbox 594 3512 687 3583; x_wconf 78' lang='lat' dir='ltr'>OPT,</span> <span class='ocrx_word' id='word_1_240' title='bbox 716 3529 811 3568; x_wconf 81' lang='grc'>555555</span> <span class='ocrx_word' id='word_1_241' title='bbox 834 3519 866 3568; x_wconf 79' lang='lat' dir='ltr'>tet</span> <span class='ocrx_word' id='word_1_242' title='bbox 888 3513 943 3569; x_wconf 79' lang='lat' dir='ltr'>uid.</span> <span class='ocrx_word' id='word_1_243' title='bbox 960 3511 1003 3578; x_wconf 62' lang='grc' dir='ltr'>Κ·</span> <span class='ocrx_word' id='word_1_244' title='bbox 1031 3472 1145 3567; x_wconf 83' lang='grc'>51215155</span> 
     </span>
     <span class='ocr_line' id='line_1_37' title="bbox 139 3583 1147 3658; baseline -0.002 -16"><span class='ocrx_word' id='word_1_245' title='bbox 139 3587 284 3658; x_wconf 69' lang='grc'>11555155,</span> <span class='ocrx_word' id='word_1_246' title='bbox 297 3587 377 3642; x_wconf 80' lang='lat' dir='ltr'>tetes</span> <span class='ocrx_word' id='word_1_247' title='bbox 391 3585 540 3642; x_wconf 77' lang='lat' dir='ltr'>Buecheler</span> <span class='ocrx_word' id='word_1_248' title='bbox 554 3586 599 3655; x_wconf 89' lang='grc'>(51.</span> <span class='ocrx_word' id='word_1_249' title='bbox 616 3585 712 3642; x_wconf 73' lang='grc'>015051.</span> <span class='ocrx_word' id='word_1_250' title='bbox 728 3589 847 3654; x_wconf 84' lang='grc'>5.57,1,·</span> <span class='ocrx_word' id='word_1_251' title='bbox 867 3584 1014 3656; x_wconf 72' lang='grc'>05111284</span> <span class='ocrx_word' id='word_1_252' title='bbox 1027 3583 1147 3658; x_wconf 70' lang='grc'>5515111</span> 
     </span>
    </p>
   </div>
   <div class='ocr_carea' id='block_1_4' title="bbox 0 0 1319 4056">
    <p class='ocr_par' dir='ltr' id='par_1_10' title="bbox 0 0 1319 4056">
     <span class='ocr_line' id='line_1_38' title="bbox 0 0 1319 4056; baseline 0 0"><span class='ocrx_word' id='word_1_253' title='bbox 0 0 1319 4056; x_wconf 95' lang='lat' dir='ltr'> </span> 
     </span>
    </p>
   </div>
  </div>
 </body>
</html>
