2614 4030
194 156 243 211 XL
595 152 807 210 PRAEFATIO.

197 306 271 366 ferri
294 321 383 383 posse
401 313 486 384 put03
510 305 662 383 siminus,
681 302 792 363 codicis
812 301 834 362 C
857 305 980 381 vestigia
1004 310 1132 365 secutus
1155 307 1225 379 qui·
1254 315 1259 358 1

197 397 252 455 dus
272 397 332 454 iaru
356 401 386 454 et
407 395 602 454 recensendis
626 391 757 452 scribere
781 390 890 452 malim
915 425 956 434 -
981 391 1023 452 lh.
1043 391 1226 454 llortasse
1255 419 1259 438 r

197 481 388 544 scribendum
412 487 470 541 est:
493 483 649 560 salutatio,
672 483 734 541 uisi
755 488 845 556 nepot
847 485 907 542 ium
931 485 1057 556 aliquod
1080 486 1224 543 activum

199 575 345 648 deportet,
368 574 500 632 materia
522 573 683 631 succincta
706 578 768 640 est;
796 569 901 648 cl..ep
919 569 965 650 lv,
984 567 1014 650 3,
1033 567 1054 630 2
1084 589 1223 648 opus..

196 663 327 722 materia
351 663 562 720 clausum-
585 656 626 718 lb
650 657 725 720 4et
712 666 896 736 tquaeaam
919 660 1044 738 retinui;
1078 665 1169 720 certe
1195 667 1259 725 et

198 753 266 824 puis
294 766 355 808 uon
385 765 453 807 raro
485 765 586 806 mrem
586 753 706 826 ur,
732 750 838 822 quist
826 750 947 808 taudem
970 746 1103 808 Hilarius
1130 765 1257 827 saepe

199 845 333 917 usurpat,
355 839 411 897 sed
427 839 574 915 quisnam,
593 839 731 910 quisnam
751 838 855 911 luitur,
874 853 945 896 aaut
964 840 1115 911 quisnam,
1138 841 1257 918 puis

201 945 271 988 paru
304 929 383 986 caim
404 923 461 999 ⁸vel
493 923 564 984 alibi
596 922 642 983 vel
674 924 751 1003 apud
784 923 939 985 Sidonium
971 927 1070 1004 ipsum
1106 919 1163 1008 (cl.
1196 944 1220 986 c.

198 1015 251 1096 IX,
271 1012 351 1095 3213
384 1031 428 1092 ep.
448 1012 501 1094 ΙΧ,
522 1011 571 1094 11,
592 1010 625 1092 83
656 1006 835 1095 lx,12,2)
869 1021 1037 1074 occurrunt.
1084 1014 1221 1093 Accedit,

198 1103 278 1183 quod
308 1105 351 1163 sic
382 1107 483 1177 quiae,
512 1120 567 1181 pro
600 1120 658 1180 quo
673 1100 745 1162 'heo
775 1103 839 1162 siue
868 1100 927 1162 ulla
955 1121 1043 1163 causa
1073 1107 1219 1180 iupeaiae

198 1193 348 1273 proponit,
372 1189 487 1251 facilius
511 1190 685 1251 adnectitur.
705 1225 746 1233 -
771 1189 811 1250 lh.
833 1189 873 1252 11
898 1191 1016 1267 artifex
1039 1211 1110 1253 cum
1135 1200 1218 1254 aute·

202 1281 326 1342 cedente
350 1281 502 1340 enuntiato
527 1281 706 1358 coniungere
729 1278 827 1340 malui.
851 1314 884 1322 -
914 1279 955 1340 lb.
977 1277 1018 1342 16
1038 1281 1075 1341 de
1100 1289 1216 1360 tempo-

197 1369 252 1431 rali
274 1372 304 1429 vi
327 1368 546 1429 coniunctionis
569 1372 813 1444 quandoquidem
836 1387 860 1429 v.
881 1368 1003 1430 Bouuet.
1023 1368 1041 1429 l.
1057 1368 1074 1430 l.
1095 1389 1124 1449 p.
1141 1367 1213 1432 328.

200 1493 242 1502 -·-
266 1457 314 1538 lX,
335 1455 385 1538 11,
403 1455 426 1518 4
449 1475 572 1534 operam
591 1459 722 1538 restitu13
745 1477 770 1518 v.
791 1475 836 1536 ep.
851 1457 883 1538 V,
901 1454 932 1538 5,
950 1457 985 1538 43
1008 1458 1103 1519 Lucil.
1120 1458 1212 1520 Calar.
1256 1449 1257 1456 '

200 1548 260 1608 ind.
285 1539 396 1630 (Haut.)
425 1565 452 1624 p.
477 1543 555 1626 3703
587 1544 733 1606 Raeusch.
779 1542 823 1606 ‘It
847 1565 875 1606 u.
899 1541 993 1625 Vulgi
1021 1567 1048 1627 p.
1070 1544 1146 1609 317.
1169 1582 1212 1591 —

198 1636 239 1698 lb.
264 1633 283 1698 6
308 1635 397 1696 verba
421 1639 470 1696 aio
494 1643 647 1710 tamquam
670 1655 730 1696 aaa
753 1638 792 1696 sit
812 1683 818 1694 .
838 1683 844 1694 .
865 1683 871 1694 .
891 1683 897 1694 .
918 1638 1143 1712 arbitraturus,
1177 1641 1212 1711 si,

198 1735 297 1787 tamea
321 1727 404 1800 quod
425 1732 496 1785 aute
515 1743 700 1800 percurras,
728 1729 776 1801 aei
801 1729 957 1801 exemplar
985 1730 1143 1802 acceperit
1169 1728 1212 1786 sic

198 1816 338 1876 distincta
361 1831 420 1873 uon
444 1812 546 1873 dubito
571 1815 644 1890 quin
667 1819 748 1873 recte
769 1831 800 1872 se
819 1812 954 1873 habeant.
988 1813 1108 1874 Dixerat
1132 1817 1209 1875 enim

198 1903 339 1964 Sidonius
370 1900 457 1980 paula
481 1909 548 1961 aute
572 1899 680 1962 Fausto
704 1903 777 1962 satis
801 1904 943 1981 temporis
968 1921 1034 1962 esse
1059 1902 1094 1963 ad
1119 1910 1210 1964 totum

198 1991 308 2052 librum
330 1988 583 2070 transferendum,
612 1993 637 2050 si
665 1993 706 2050 ita
730 1993 758 2050 ei
780 1989 972 2071 probaretur,
1001 1998 1035 2052 ut
1062 1992 1209 2072 exemplar

198 2079 307 2141 hahere
331 2086 461 2158 cuperet.
486 2077 626 2156 Sequitur
650 2081 808 2140 correctio:
832 2074 957 2161 loquor,
976 2086 1127 2159 tamquam
1148 2101 1204 2142 uon

199 2171 299 2248 ipsum
336 2166 445 2228 librum
480 2166 693 2246 holographum
726 2169 790 2247 ipse
827 2174 946 2249 tenere,
979 2168 1022 2229 illi
1059 2171 1205 2250 exemplar

198 2259 316 2318 mittere
330 2258 437 2337 possis,
451 2256 609 2317 dummodo
625 2257 655 2317 id
674 2258 738 2336 ipse
757 2254 927 2336 percurras'
947 2251 980 2340 (i.
995 2277 1020 2318 e.
1039 2253 1201 2342 retractas).

204 2347 314 2407 Taurea
338 2348 420 2421 quod
442 2347 533 2424 igitur
557 2347 600 2406 sic
624 2346 736 2406 dictum
759 2344 838 2426 volo,
865 2353 898 2407 ut
926 2349 965 2407 sit
988 2351 1031 2408 ita
1055 2356 1152 2409 tamea
1173 2357 1204 2409 ut

200 2434 247 2495 vel
270 2453 306 2496 ea
330 2442 429 2496 tamea
449 2438 627 2496 condicione
649 2444 690 2495 ut.
724 2433 804 2505 Quae
824 2437 949 2495 sirecte
969 2435 1115 2514 disputata
1133 2445 1204 2516 suut,

200 2525 371 2584 coniectura
394 2522 455 2582 uon‘
477 2541 551 2602 opus
575 2530 634 2604 θεῖ,
658 2525 684 2583 si
703 2525 770 2602 quis
789 2523 950 2584 crediderit
968 2533 1069 2586 tamea
1088 2543 1123 2586 ex
1141 2545 1203 2586 cou-

202 2614 291 2673 stanti
314 2631 371 2672 usu
395 2612 513 2672 dicendi
537 2630 605 2672 cum
627 2617 655 2674 si
677 2613 859 2690 iungendum
887 2631 953 2673 esse
983 2614 1089 2694 videri,
1116 2615 1203 2675 facilis

200 2703 346 2763 correctio
377 2701 449 2761 haec
482 2703 628 2761 occurrit:
660 2705 700 2774 si,
733 2706 778 2762 sic
811 2711 910 2762 tamea
938 2706 1020 2777 quod
1046 2710 1115 2765 aute
1138 2724 1201 2782 per·

202 2809 315 2853 curras
349 2783 400 2872 (dc
431 2791 618 2851 coniunctim
649 2790 684 2850 cs.
717 2788 817 2850 hlcim.
850 2790 924 2851 Arii.
953 2809 980 2870 p.
1009 2790 1067 2852 111
1074 2839 1083 2872 ,
1100 2785 1142 2875 4).
1164 2827 1201 2834 -

201 2879 242 2940 lh.
259 2877 278 2940 9
299 2883 376 2940 tucis
391 2878 544 2940 secludere
562 2877 654 2959 uolui,
673 2881 742 2958 quia
760 2897 820 2940 nou
838 2878 932 2959 video,
951 2899 1005 2940 cur
1022 2880 1078 2941 hoc
1096 2899 1202 2962 nomen,

202 2969 280 3048 quod
305 2971 403 3047 ipsum
428 2968 521 3029 solem
544 2968 703 3048 significat,
726 2987 743 3027 a
766 2966 886 3029 librario
910 2969 1042 3030 additum
1066 2987 1128 3030 esse
1150 2978 1201 3032 sta·

200 3067 327 3118 tuamus.
352 3091 394 3098 —
418 3056 459 3117 lb.
485 3054 527 3118 10
550 3057 633 3117 locus
656 3059 783 3135 graviter
806 3064 964 3136 corruptus
987 3057 1034 3118 vel
1056 3057 1201 3120 lacunosus

203 3145 349 3223 quomodo
375 3145 523 3207 sanandus
547 3147 595 3227 sit,
613 3164 719 3224 parum
738 3153 865 3226 constat3
889 3147 1014 3206 fortasse
1038 3155 1104 3226 post
1120 3167 1200 3224 quar·

204 3253 269 3295 suat
293 3234 404 3295 excidit
422 3239 594 3311 plusculum
610 3227 661 3317 (cl.
677 3253 721 3314 ep.
735 3234 784 3315 ΙΙΙ,
799 3232 829 3314 3,
844 3232 863 3294 9
878 3239 934 3296 sed
950 3239 1026 3310 puta
1043 3254 1098 3311 epa
1116 3242 1201 3300 istaec

208 3328 285 3384 iusto
297 3326 469 3399 plusculum
481 3328 608 3399 perrea
628 3344 658 3400 p.
678 3342 768 3399 auara
783 3341 828 3402 ep.
843 3323 892 3403 lx,
906 3320 937 3405 5,
949 3317 991 3408 1).
1007 3358 1048 3367 —
1063 3324 1109 3406 lx,
1124 3323 1169 3407 12,
1183 3326 1198 3389 1

202 3411 359 3472 lectionem
384 3411 495 3472 codicis
519 3412 540 3472 C
564 3414 698 3491 recipere
721 3411 813 3473 malui
836 3415 949 3486 (miuus
971 3417 1039 3488 sed)
1063 3432 1151 3494 neque
1172 3418 1200 3476 in

201 3499 452 3580 subsequentibus
471 3500 569 3561 verbis
589 3503 747 3579 quicquam
770 3505 881 3563 mutavi
901 3503 943 3577 (et
957 3507 1200 3580 propositionibus
