2614 4030
149 223 194 287 24
520 221 629 275 LIBER
646 219 791 275 PRIMUS.

152 375 292 452 cognosci
319 371 437 432 claritas
465 373 564 432 vitrici
586 372 680 449 magis
704 388 792 449 quam
815 371 909 449 patris
936 370 1054 451 lecerit,
1082 371 1165 432 iden-

150 462 243 523 tidem
266 469 365 522 tamen
388 479 443 540 per
466 461 509 520 las
532 461 674 538 nefasque
693 476 828 519 crescere
849 459 989 521 affectans
1008 463 1165 539 pecuniae-

152 570 209 630 que
233 569 288 630 per
317 551 468 610 avaritiam
491 567 613 629 parcuS,
640 566 694 628 per
722 547 865 608 ambitum
888 548 1038 628 prodigus.
1083 567 1165 609 nam-

152 659 209 719 que
241 646 275 700 ut
309 638 435 699 familiae
470 639 619 717 superiori
649 655 704 716 per
735 636 826 696 filiam
857 636 956 697 saltim
989 655 1166 717 quamquam

126 729 394 791 shonestissimam
430 729 617 807 iungeretur,
654 732 758 787 contra
794 727 923 804 rigorem
956 728 1042 786 civici
1073 729 1167 787 moris

153 817 351 897 splendidam,
384 823 417 876 ut
446 816 559 895 lerunt,
593 815 692 875 dotem
720 813 862 875 Chremes
889 821 992 875 noster
1014 815 1166 895 Pamphilo

154 925 207 968 suo
239 905 362 966 dixerat.
409 903 438 967 6.
463 923 590 983 cumque
623 904 659 964 de
693 903 874 982 capessendo
903 903 1068 964 diademate
1097 923 1166 964 con-

153 997 261 1056 iuratio
288 993 476 1055 Marcelliana
503 1000 694 1072 coqueretur,
727 991 871 1053 nobilium
901 994 1047 1054 iuventuti
1075 995 1167 1072 signi-

153 1085 249 1145 lerum
273 1101 338 1144 sese
362 1085 394 1143 in
417 1083 544 1143 factione
567 1080 759 1162 praebuerat,
788 1081 876 1141 homo
900 1081 995 1142 adhuc
1018 1100 1112 1142 novus
1134 1083 1167 1142 in

113 1197 139 1236 ιο
155 1179 320 1253 senectute,
357 1172 451 1233 donec
489 1170 645 1250 aliquando
681 1177 804 1250 propter
835 1172 1039 1249 experimenta
1070 1170 1167 1231 lelicis

154 1262 293 1323 audaciae
316 1260 458 1321 natalium
482 1262 546 1321 eius
570 1258 746 1320 obscuritati
769 1259 851 1320 dedit
872 1259 983 1320 hiantis
1002 1261 1168 1338 interregni

154 1354 230 1412 rima
257 1349 411 1429 fulgorem.
456 1367 524 1411 nam
555 1355 677 1408 vacante
709 1348 775 1409 aula
807 1346 983 1428 turbataque
1014 1347 1167 1428 republica

155 1439 237 1501 solus
260 1441 397 1499 inventus
421 1445 476 1519 est,
500 1439 551 1516 qui
574 1437 611 1498 ad
634 1435 742 1498 Gallias
766 1436 1015 1497 administrandas
1038 1436 1168 1498 fascibus

155 1530 351 1608 priusquam
379 1526 523 1587 codicillis
552 1545 642 1587 ausus
670 1527 785 1605 accingi
807 1524 962 1586 mensibus
989 1525 1091 1586 multis
1114 1528 1168 1586 tri-

116 1639 141 1680 15
155 1617 245 1678 bunal
271 1616 443 1677 inlustrium
469 1622 649 1695 potestatum
678 1612 848 1694 spectabilis
869 1615 1038 1694 praelectus
1066 1632 1168 1676 escen·
1243 1621 1246 1626 '

156 1707 248 1787 deret,
272 1724 348 1767 anno
371 1712 490 1784 peracto
514 1702 637 1764 militiae
661 1711 810 1764 extremae
834 1705 996 1764 terminum
1018 1705 1097 1764 circa
1119 1706 1169 1763 vix

111 1787 112 1791 ’
155 1796 326 1870 honoratus,
358 1795 596 1855 numerariorum
627 1811 711 1853 more
743 1810 797 1852 seu
824 1794 924 1872 potius
952 1792 1169 1873 advocatorum,

157 1903 284 1964 quorum
307 1901 375 1944 cum
397 1884 542 1944 finiuntur
565 1883 709 1962 actiones,
735 1889 807 1942 tunc
829 1883 978 1960 incipiunt
1000 1881 1168 1960 dignitates.

159 1973 187 2036 7.
211 1975 301 2052 igitur
324 1975 381 2033 iste
405 1974 449 2032 sic
471 1972 695 2051 praefectorius,
718 1973 761 2030 sic
780 1977 908 2051 senator,
931 1972 1017 2031 cuius
1036 1970 1192 2056 moribus,

118 2085 144 2125 so
159 2062 237 2141 quod
260 2063 418 2141 praeconia
441 2061 639 2140 competentia
661 2077 721 2120 non
745 2077 780 2120 ex
804 2077 870 2120 asse
893 2059 1040 2140 persolvo,
1068 2061 1171 2138 generi

159 2153 206 2212 sui
233 2149 366 2210 moribus
396 2148 504 2230 debeo,
536 2147 698 2209 multorum
725 2147 792 2228 plus
820 2166 908 2228 quam
935 2147 1081 2210 bonorum
1105 2148 1172 2209 odia

104 2269 110 2282 ·
159 2241 317 2300 commovit
347 2238 442 2299 adhuc
468 2239 617 2317 ignoranti
639 2237 726 2319 mihi,
758 2237 853 2298 adhuc
881 2239 989 2319 amico,
1020 2245 1171 2317 tamquam

160 2326 277 2389 saeculo
300 2345 367 2387 meo
390 2345 496 2387 canere
521 2326 601 2387 solus
624 2345 714 2387 versu
731 2326 868 2387 valerem.
909 2329 996 2387 venio
1014 2324 1172 2406 Arelatem,

159 2417 202 2478 nil
225 2417 319 2477 adhuc
344 2409 437 2500 (unde
461 2409 577 2498 enim?)
601 2417 766 2496 suspicans,
790 2433 967 2494 quamquam
990 2421 1112 2494 putarer
1135 2413 1171 2474 ab

120 2507 288 2570 etinimicis
307 2523 367 2565 non
381 2506 543 2585 allupmuS,
561 2522 595 2564 ac
613 2506 748 2584 principe
766 2512 835 2583 post
853 2504 932 2564 diem
946 2506 1009 2564 viso
1023 2506 1055 2564 in
1074 2504 1172 2564 lorum

160 2614 197 2656 ex
218 2612 301 2654 more
325 2593 481 2654 descendo.
528 2593 606 2672 quod
629 2593 682 2654 ubi
703 2595 800 2654 visum
824 2600 878 2674 est,
900 2592 969 2653 ilico
991 2595 1117 2673 expavit,
1139 2599 1174 2652 ut

161 2687 202 2745 ait
227 2683 291 2764 ille,
323 2683 374 2744 nil
406 2683 554 2743 fortiter
586 2700 670 2742 ausa
703 2682 845 2743 seditio.
892 2681 942 2742 alii
970 2688 1070 2742 tamen
1099 2681 1173 2741 mihi

160 2773 227 2854 plus
252 2790 340 2851 quam
364 2772 483 2833 deceret
506 2769 543 2830 ad
566 2788 662 2848 genua
685 2770 830 2853 provolvi,
858 2770 917 2851 alii,
940 2789 977 2832 ne
1002 2771 1175 2850 salutarent,

161 2863 264 2941 lugere
287 2868 354 2941 post
378 2868 498 2940 statuas,
522 2859 617 2919 occuli
638 2867 708 2939 post
731 2859 895 2941 columnae,
918 2859 969 2920 alii
990 2862 1092 2920 tristes
1111 2857 1174 2919 vul·

122 2974 148 3014 ao
161 2953 299 3030 tuosique
323 2952 433 3011 iunctis
451 2949 526 3008 mihi
543 2947 685 3009 lateribus
704 2948 852 3009 incedere.
895 2947 923 3011 8.
948 2949 997 3009 hic
1016 2966 1079 3028 ego,
1103 2945 1174 3025 quid

235 3165 268 3213 27
287 3156 391 3211 Lucan.
405 3155 440 3225 V,
455 3160 557 3223 322sq‚

236 3237 249 3283 1
274 3228 381 3282 lecerat
403 3227 578 3292 Wouwcrcc;
606 3227 652 3281 sed
677 3227 711 3294 cs.
738 3242 778 3295 ep.
797 3226 917 3294 11,e,1
947 3223 993 3280 cui
1020 3223 1149 3278 debuerit
1167 3224 1176 3292 11

164 3304 180 3353 5
196 3316 250 3371 pro
268 3298 432 3368 iungeretur
444 3304 510 3368 poet
527 3314 567 3367 sp.
583 3302 600 3352 5
619 3298 635 3351 l.
654 3314 677 3352 o.
697 3312 783 3366 ogere
802 3297 829 3350 L
845 3298 850 3366 1
866 3296 976 3366 contra]
997 3297 1109 3350 caetera
1128 3294 1177 3368 011

164 3376 180 3424 8
199 3369 382 3425 marcelliana
404 3369 432 3436 0,
451 3367 622 3422 marcellona
638 3368 756 3435 LMTll
772 3372 804 3422 15
824 3366 987 3422 escenderet
1004 3367 1031 3420 L
1048 3373 1074 3422 et
1091 3371 1145 3436 (pr.
1160 3378 1178 3421 e'

163 3459 231 3498 corr.
252 3444 283 3496 io
302 3457 319 3494 a
337 3440 438 3509 N²)N‚
456 3439 620 3494 escenderet
637 3440 675 3494 M
678 3439 729 3495 OT
745 3441 755 3508 l
774 3445 806 3493 16
827 3441 969 3494 extremae
987 3435 1108 3492 militiae
1129 3437 1176 3509 011

165 3518 198 3566 18
214 3519 279 3583 post
297 3510 452 3580 dignitates
471 3528 510 3581 sp.
527 3514 546 3566 7
564 3511 581 3565 l.
600 3527 625 3565 o.
644 3512 676 3564 ic
694 3511 720 3564 L
738 3514 748 3581 11
766 3515 799 3565 19
818 3509 885 3582 iste]
904 3508 953 3563 ille
975 3509 1000 3564 O
1009 3512 1019 3580 l
1033 3516 1066 3564 23
1087 3507 1176 3563 arele-

164 3586 223 3639 tem
238 3583 303 3639 VM
307 3582 358 3638 OT
370 3588 396 3638 et
409 3584 516 3652 partim
529 3583 561 3636 ic
574 3598 628 3637 rae.
643 3581 695 3651 N‘,
714 3581 821 3637 orelate
835 3581 862 3635 L
875 3586 885 3651 1
