2636 4032
276 211 444 267 SIDONIUS
462 210 676 267 PANNYOHIO
695 209 765 266 SUO
785 211 961 267 SALUTEM.
1063 213 1126 276 117

112 364 279 441 frequentis
311 363 478 442 impertias,
515 363 612 422 sciens
646 360 702 422 tibi
733 363 765 422 in
798 363 904 422 animis
937 360 1128 422 obsessorum

112 454 223 513 civium
245 450 326 511 illam
349 467 469 511 manere
492 452 627 531 gratiam,
651 469 725 529 qnae
749 449 940 512 obliviscatur
963 450 1127 511 obsidentis

111 541 264 601 invidiam·
309 539 380 600 vale.

576 729 665 795 XIII.

282 850 450 907 SIDONIUS
468 851 681 908 PANNYCHIO
701 852 770 908 SUO
790 851 967 908 SALUTEM.

183 965 210 1026 1.
239 966 415 1027 Seronatum
444 965 552 1026 Tolosa
584 969 663 1026 nosti
695 962 815 1026 redire?
861 967 887 1026 si
918 965 1050 1026 nondum
1083 959 1127 1048 (et
1155 983 1167 1024 5

113 1055 202 1116 eredo
227 1055 306 1134 quod
329 1049 485 1138 nondum),
507 1055 554 1114 vel
576 1073 631 1134 per
652 1055 726 1115 hacc
745 1055 834 1115 disce.
871 1056 930 1114 iam
949 1053 1127 1115 Clausetiam

113 1146 212 1224 pergit
229 1142 394 1204 Euanthius
415 1145 534 1222 iamque
553 1152 718 1204 contractas
738 1162 843 1223 operas
862 1146 940 1222 cogit
959 1143 1127 1224 eruderare,

114 1235 143 1294 si
176 1233 247 1312 quid
280 1233 355 1292 sorte
388 1233 506 1293 deiectu
538 1233 666 1293 caducae
704 1232 818 1293 frondis
850 1251 939 1311 agger
971 1231 1127 1293 insorduit.

114 1329 196 1383 certe
221 1323 246 1381 si
271 1321 342 1400 qnid
364 1323 574 1400 voraginosum
598 1329 652 1402 est,
675 1324 739 1401 ipse
762 1322 852 1382 humo
877 1321 995 1382 advecta
1015 1320 1127 1381 scrobi-

113 1409 171 1471 bus
199 1409 325 1489 oppletis
353 1410 488 1489 trepidus
517 1417 673 1491 exaequat,
704 1417 806 1490 utpote
834 1409 951 1470 beluam
980 1428 1063 1470 suam
1091 1410 1127 1470 de
1142 1429 1168 1467 10

113 1498 187 1559 valle
211 1499 316 1559 Tarnis
340 1498 484 1559 ducaliter
506 1506 725 1580 antecessurus
752 1498 895 1560 musculis
920 1498 1025 1559 similis
1048 1501 1128 1559 inter

115 1606 221 1648 saxosa
244 1588 290 1648 vel
312 1587 413 1648 brevia
436 1586 637 1649 ballaenarum
656 1587 871 1667 corpulentiam
889 1588 1127 1666 praegubernan-

114 1676 203 1738 tibus
241 1675 269 1738 2.
294 1684 323 1737 at
346 1675 396 1737 ille
416 1678 458 1738 sic
477 1680 521 1737 ira
541 1676 629 1758 celer,
653 1677 732 1757 quod
749 1679 834 1756 piger
854 1676 941 1756 mole,
965 1696 1020 1737 ceu
1039 1676 1126 1736 draco

114 1784 130 1826 e
156 1784 246 1844 specu
269 1768 317 1825 vix
340 1765 476 1826 evolutus
503 1769 562 1826 iam
589 1773 672 1826 metu
700 1764 883 1844 exanguibus
906 1764 1086 1825 Gabalitanis
1111 1783 1126 1824 e

112 1857 249 1934 proximo
272 1855 412 1936 insertur,
441 1873 515 1934 quos
539 1853 671 1933 singulos
697 1873 815 1934 sparsos
838 1854 1025 1933 inoppidatos
1048 1871 1127 1914 nnuc
1142 1871 1168 1912 15

114 1943 257 2003 inauditis
290 1943 485 2004 indictionum
518 1944 679 2022 generibus
710 1943 859 2024 exhaurit,
890 1961 970 2004 nunc
997 1943 1129 2002 flexuosa

115 2032 330 2093 calumniarum
352 2033 456 2093 fraude
480 2034 678 2113 circumretit,
705 2050 744 2092 ne
771 2039 835 2092 tum
859 2032 980 2112 quidem
1008 2031 1128 2092 domum

113 2121 279 2182 laboriosos
302 2121 402 2181 redire
425 2124 610 2202 permittens,
634 2141 703 2181 cum
725 2121 871 2182 tributum
894 2140 1024 2182 annuum
1048 2121 1128 2181 data-

113 2228 192 2270 vere.
235 2208 263 2270 3.
289 2212 406 2288 sIgnum
431 2216 460 2270 et
482 2209 539 2270 hoe
563 2217 677 2271 certum
701 2217 747 2270 est
769 2212 952 2271 imminentis
975 2210 1128 2290 adventuo,

115 2298 193 2378 quod
218 2301 402 2378 catervatim,
432 2317 489 2378 quo
520 2317 550 2359 se
575 2317 701 2377 cumque
729 2302 922 2380 converterit,
950 2301 1043 2359 vincti
1068 2307 1128 2359 tra·
1142 2319 1169 2359 so

113 2389 226 2448 huntur
248 2386 364 2448 vincula
382 2387 549 2468 trahentes,
573 2406 699 2467 quorum
719 2387 820 2448 dolore
839 2387 973 2467 laetatur,
996 2390 1128 2466 pascitur

114 2478 205 2557 lame,
236 2478 395 2556 praecipue
425 2476 583 2556 pulchrum
611 2475 771 2537 arbitratus
799 2484 866 2537 ante
894 2484 1015 2556 turpare
1040 2495 1128 2556 quam

112 2567 221 2645 punire
245 2565 440 2645 damnandos,
464 2568 579 2625 crinem
599 2567 671 2625 viris
690 2568 794 2646 nutrit,
816 2565 992 2626 mulieribus
1010 2565 1127 2645 incidit,

114 2673 131 2714 e
159 2653 268 2733 quibus
295 2661 395 2715 tamen
423 2656 449 2714 sl
477 2673 543 2714 rara
572 2655 715 2734 quosdam
745 2657 831 2714 venia
862 2656 1041 2734 respexerit,
1072 2655 1128 2713 hos

113 2743 256 2804 venalitas
281 2741 376 2822 solvit,
398 2744 511 2803 vanitas
534 2743 611 2824 illos,
634 2742 730 2803 nullos
750 2743 962 2803 misericordia.
1001 2742 1054 2802 sed
1077 2761 1127 2802 ex·
1143 2763 1170 2802 25

112 2831 267 2911 plicandae
290 2829 403 2891 bestiae
431 2831 484 2892 tali
510 2850 566 2892 nec
594 2838 745 2892 oratorum
772 2834 912 2910 princeps
935 2831 1052 2891 Marcus
1075 2831 1128 2890 Ar-

113 2923 200 3000 pinas
228 2939 283 2981 nec
311 2927 467 2999 poetarum
489 2920 612 2981 Publius
635 2921 811 2980 Mantuanus
834 2921 971 2981 sulficere
994 2926 1129 2998 possunt.

112 3008 144 3070 4.
158 3009 293 3092 proinde
318 3011 386 3088 qula
410 3009 520 3069 dicitur
540 3010 612 3070 haec
631 3012 696 3088 ipsa
713 3011 862 3088 pernicies
882 3011 1130 3088 appropinquare,

114 3101 200 3158 cuius
223 3098 443 3178 proditionibus
472 3099 545 3159 deus
570 3098 681 3179 obviet,
708 3100 849 3177 praeveni
872 3097 1008 3158 morbum
1031 3099 1128 3176 provi-

186 3293 204 3340 4
222 3285 382 3342 Pamnithio
405 3287 461 3353 GT,
483 3286 632 3356 ponnIthIo
652 3286 690 3340 M
699 3289 708 3357 ΙΙ
725 3293 740 3341 '1
759 3289 919 3341 contractos
939 3301 1038 3355 operas
1058 3302 1126 3341 corr.

113 3359 147 3412 ic
166 3359 324 3412 contractus
340 3375 455 3428 operam
470 3359 508 3412 M
510 3359 526 3428 ¹,
546 3359 706 3412 contractus
724 3373 839 3427 operam
852 3358 919 3412 LN
928 3360 937 3427 ΙΙ
953 3363 985 3411 10
1005 3356 1129 3412 devallet

115 3427 202 3492 armis
220 3432 300 3494 (corr.
319 3431 351 3484 in
370 3432 404 3484 de
422 3429 497 3484 valle
517 3430 614 3484 tarmis
634 3429 692 3498 Me)
700 3429 766 3484 MT
778 3431 786 3498 l
801 3435 834 3482 11
854 3429 942 3483 tarnis
958 3429 985 3483 L
1003 3435 1028 3484 et
1047 3433 1127 3497 (corr.

113 3503 147 3554 e'ce
165 3499 262 3554 tarmis
281 3502 381 3570 N²)N‚
408 3501 507 3555 tarmis
529 3501 552 3556 U
570 3504 580 3572 ll
604 3508 636 3556 13
655 3501 728 3556 mole
747 3500 828 3571 piger
847 3501 871 3557 0
890 3505 899 3571 ΙΙ
922 3505 956 3554 23
976 3499 1060 3556 crinis
1081 3499 1129 3572 (Ill

114 3576 150 3625 25
169 3571 362 3627 misericordia
380 3572 473 3627 nullos
494 3572 518 3628 0
528 3575 537 3642 ll
