<?xml version="1.0" encoding="UTF-8"?>
<!DOCTYPE html PUBLIC "-//W3C//DTD XHTML 1.0 Transitional//EN"
    "http://www.w3.org/TR/xhtml1/DTD/xhtml1-transitional.dtd">
<html xmlns="http://www.w3.org/1999/xhtml" xml:lang="en" lang="en">
 <head>
  <title>
</title>
<meta http-equiv="Content-Type" content="text/html;charset=utf-8" />
  <meta name='ocr-system' content='tesseract 3.04.00' />
  <meta name='ocr-capabilities' content='ocr_page ocr_carea ocr_par ocr_line ocrx_word'/>
</head>
<body>
  <div class='ocr_page' id='page_1' title='image "./csolliusapollin01apolgoog_0354.png"; bbox 0 0 2628 4034; ppageno 0'>
   <div class='ocr_carea' id='block_1_1' title="bbox 509 243 726 300">
    <p class='ocr_par' dir='ltr' id='par_1_1' title="bbox 509 243 726 300">
     <span class='ocr_line' id='line_1_1' title="bbox 509 243 726 300; baseline 0.005 -1"><span class='ocrx_word' id='word_1_1' title='bbox 509 243 661 299; x_wconf 79' lang='lat' dir='ltr'><strong>CARMEN</strong></span> <span class='ocrx_word' id='word_1_2' title='bbox 678 246 726 300; x_wconf 88' lang='lat' dir='ltr'>IX.</span> 
     </span>
    </p>
   </div>
   <div class='ocr_carea' id='block_1_2' title="bbox 193 393 970 3492">
    <p class='ocr_par' dir='ltr' id='par_1_2' title="bbox 200 393 885 830">
     <span class='ocr_line' id='line_1_2' title="bbox 268 393 841 472; baseline 0.007 -20"><span class='ocrx_word' id='word_1_3' title='bbox 268 393 369 453; x_wconf 83' lang='lat' dir='ltr'>fratris</span> <span class='ocrx_word' id='word_1_4' title='bbox 393 394 518 453; x_wconf 91' lang='lat' dir='ltr'>crimine</span> <span class='ocrx_word' id='word_1_5' title='bbox 543 396 594 472; x_wconf 90' lang='lat' dir='ltr'>qui</span> <span class='ocrx_word' id='word_1_6' title='bbox 616 397 709 454; x_wconf 89' lang='lat' dir='ltr'>miser</span> <span class='ocrx_word' id='word_1_7' title='bbox 731 398 841 456; x_wconf 88' lang='lat' dir='ltr'>voratis</span> 
     </span>
     <span class='ocr_line' id='line_1_3' title="bbox 267 481 850 565; baseline 0.005 -24"><span class='ocrx_word' id='word_1_8' title='bbox 267 483 366 542; x_wconf 85' lang='lat' dir='ltr'>virum</span> <span class='ocrx_word' id='word_1_9' title='bbox 389 481 564 560; x_wconf 89' lang='lat' dir='ltr'>pignoribus</span> <span class='ocrx_word' id='word_1_10' title='bbox 588 483 643 543; x_wconf 89' lang='lat' dir='ltr'>luit</span> <span class='ocrx_word' id='word_1_11' title='bbox 667 483 850 565; x_wconf 89' lang='lat' dir='ltr'>sepulcrum,</span> 
     </span>
     <span class='ocr_line' id='line_1_4' title="bbox 268 570 885 651; baseline 0.003 -20"><span class='ocrx_word' id='word_1_12' title='bbox 268 587 336 631; x_wconf 88' lang='lat' dir='ltr'>cum</span> <span class='ocrx_word' id='word_1_13' title='bbox 358 577 427 649; x_wconf 93' lang='lat' dir='ltr'>post</span> <span class='ocrx_word' id='word_1_14' title='bbox 449 571 502 630; x_wconf 91' lang='lat' dir='ltr'>has</span> <span class='ocrx_word' id='word_1_15' title='bbox 527 570 628 650; x_wconf 84' lang='lat' dir='ltr'>epulas</span> <span class='ocrx_word' id='word_1_16' title='bbox 652 579 775 651; x_wconf 89' lang='lat' dir='ltr'>repente</span> <span class='ocrx_word' id='word_1_17' title='bbox 799 573 885 644; x_wconf 80' lang='lat' dir='ltr'>flexis</span> 
     </span>
     <span class='ocr_line' id='line_1_5' title="bbox 200 659 863 722; baseline 0.005 -3"><span class='ocrx_word' id='word_1_18' title='bbox 200 670 251 719; x_wconf 87' lang='lat'>115</span> <span class='ocrx_word' id='word_1_19' title='bbox 269 659 356 719; x_wconf 84' lang='lat' dir='ltr'><strong>Titan</strong></span> <span class='ocrx_word' id='word_1_20' title='bbox 380 659 518 720; x_wconf 88' lang='lat' dir='ltr'>curribus</span> <span class='ocrx_word' id='word_1_21' title='bbox 542 661 681 721; x_wconf 88' lang='lat' dir='ltr'>occidens</span> <span class='ocrx_word' id='word_1_22' title='bbox 704 661 740 721; x_wconf 96' lang='lat' dir='ltr'>ad</span> <span class='ocrx_word' id='word_1_23' title='bbox 765 669 863 722; x_wconf 90' lang='lat' dir='ltr'>ortum</span> 
     </span>
     <span class='ocr_line' id='line_1_6' title="bbox 268 749 821 830; baseline 0.005 -22"><span class='ocrx_word' id='word_1_24' title='bbox 268 750 420 808; x_wconf 85' lang='lat' dir='ltr'><strong>convivam</strong></span> <span class='ocrx_word' id='word_1_25' title='bbox 443 749 571 830; x_wconf 88' lang='lat' dir='ltr'>fugeret,</span> <span class='ocrx_word' id='word_1_26' title='bbox 595 750 675 810; x_wconf 93' lang='lat' dir='ltr'>diem</span> <span class='ocrx_word' id='word_1_27' title='bbox 697 750 821 829; x_wconf 85' lang='lat' dir='ltr'>fugaret.</span> 
     </span>
    </p>

    <p class='ocr_par' dir='ltr' id='par_1_3' title="bbox 267 835 933 1098">
     <span class='ocr_line' id='line_1_7' title="bbox 310 835 933 921; baseline 0.005 -24"><span class='ocrx_word' id='word_1_28' title='bbox 310 835 372 897; x_wconf 90' lang='lat' dir='ltr'>Nee</span> <span class='ocrx_word' id='word_1_29' title='bbox 395 836 472 916; x_wconf 84' lang='lat' dir='ltr'>Fryx</span> <span class='ocrx_word' id='word_1_30' title='bbox 495 845 596 916; x_wconf 90' lang='lat' dir='ltr'>pastor</span> <span class='ocrx_word' id='word_1_31' title='bbox 619 841 676 899; x_wconf 89' lang='lat' dir='ltr'>erit</span> <span class='ocrx_word' id='word_1_32' title='bbox 690 837 755 899; x_wconf 85' lang='lat' dir='ltr'>¹tibi</span> <span class='ocrx_word' id='word_1_33' title='bbox 777 839 933 921; x_wconf 89' lang='lat' dir='ltr'>legendus,</span> 
     </span>
     <span class='ocr_line' id='line_1_8' title="bbox 267 925 823 1006; baseline 0.005 -21"><span class='ocrx_word' id='word_1_34' title='bbox 267 925 443 986; x_wconf 82' lang='lat' dir='ltr'>decrescens</span> <span class='ocrx_word' id='word_1_35' title='bbox 467 929 515 987; x_wconf 90' lang='lat' dir='ltr'>cui</span> <span class='ocrx_word' id='word_1_36' title='bbox 538 926 703 1006; x_wconf 84' lang='lat' dir='ltr'>Dindymon</span> <span class='ocrx_word' id='word_1_37' title='bbox 726 930 823 988; x_wconf 90' lang='lat' dir='ltr'>reciso</span> 
     </span>
     <span class='ocr_line' id='line_1_9' title="bbox 267 1014 812 1098; baseline 0.006 -24"><span class='ocrx_word' id='word_1_38' title='bbox 267 1014 362 1075; x_wconf 84' lang='lat' dir='ltr'>fertur</span> <span class='ocrx_word' id='word_1_39' title='bbox 384 1018 494 1076; x_wconf 90' lang='lat' dir='ltr'>vertice</span> <span class='ocrx_word' id='word_1_40' title='bbox 517 1019 649 1077; x_wconf 84' lang='lat' dir='ltr'>texuisse</span> <span class='ocrx_word' id='word_1_41' title='bbox 674 1016 812 1098; x_wconf 83' lang='lat' dir='ltr'>classem,</span> 
     </span>
    </p>

    <p class='ocr_par' dir='ltr' id='par_1_4' title="bbox 193 1104 970 3492">
     <span class='ocr_line' id='line_1_10' title="bbox 199 1104 829 1183; baseline 0.008 -21"><span class='ocrx_word' id='word_1_42' title='bbox 199 1114 250 1164; x_wconf 78' lang='lat'>120</span> <span class='ocrx_word' id='word_1_43' title='bbox 270 1121 337 1164; x_wconf 92' lang='lat' dir='ltr'>cum</span> <span class='ocrx_word' id='word_1_44' title='bbox 356 1106 444 1164; x_wconf 87' lang='lat' dir='ltr'>iussu</span> <span class='ocrx_word' id='word_1_45' title='bbox 467 1104 591 1165; x_wconf 85' lang='lat' dir='ltr'>Veneris</span> <span class='ocrx_word' id='word_1_46' title='bbox 614 1108 829 1183; x_wconf 79' lang='lat' dir='ltr'>patrocinantis</span> 
     </span>
     <span class='ocr_line' id='line_1_11' title="bbox 265 1191 757 1273; baseline 0.004 -22"><span class='ocrx_word' id='word_1_47' title='bbox 265 1198 361 1253; x_wconf 90' lang='lat' dir='ltr'>terras</span> <span class='ocrx_word' id='word_1_48' title='bbox 385 1191 520 1253; x_wconf 88' lang='lat' dir='ltr'>Oebalias</span> <span class='ocrx_word' id='word_1_49' title='bbox 543 1201 573 1254; x_wconf 88' lang='lat' dir='ltr'>et</span> <span class='ocrx_word' id='word_1_50' title='bbox 595 1193 757 1273; x_wconf 87' lang='lat' dir='ltr'>hospitales</span> 
     </span>
     <span class='ocr_line' id='line_1_12' title="bbox 265 1281 823 1364; baseline 0.004 -23"><span class='ocrx_word' id='word_1_51' title='bbox 265 1287 366 1359; x_wconf 90' lang='lat' dir='ltr'>raptor</span> <span class='ocrx_word' id='word_1_52' title='bbox 389 1281 583 1360; x_wconf 89' lang='lat' dir='ltr'>depopulatus</span> <span class='ocrx_word' id='word_1_53' title='bbox 607 1290 654 1343; x_wconf 90' lang='lat' dir='ltr'>est</span> <span class='ocrx_word' id='word_1_54' title='bbox 675 1281 823 1364; x_wconf 81' lang='lat' dir='ltr'>Amyclas,</span> 
     </span>
     <span class='ocr_line' id='line_1_13' title="bbox 264 1369 970 1451; baseline 0.008 -22"><span class='ocrx_word' id='word_1_55' title='bbox 264 1369 404 1448; x_wconf 87' lang='lat' dir='ltr'>praedam</span> <span class='ocrx_word' id='word_1_56' title='bbox 426 1378 509 1431; x_wconf 91' lang='lat' dir='ltr'>trans</span> <span class='ocrx_word' id='word_1_57' title='bbox 532 1371 653 1450; x_wconf 90' lang='lat' dir='ltr'>pelagus</span> <span class='ocrx_word' id='word_1_58' title='bbox 676 1379 781 1451; x_wconf 89' lang='lat' dir='ltr'>petens</span> <span class='ocrx_word' id='word_1_59' title='bbox 805 1391 970 1451; x_wconf 90' lang='lat' dir='ltr'>sequacem.</span> 
     </span>
     <span class='ocr_line' id='line_1_14' title="bbox 266 1459 928 1538; baseline 0.008 -20"><span class='ocrx_word' id='word_1_60' title='bbox 266 1459 318 1519; x_wconf 90' lang='lat' dir='ltr'>sed</span> <span class='ocrx_word' id='word_1_61' title='bbox 341 1477 397 1519; x_wconf 90' lang='lat' dir='ltr'>nec</span> <span class='ocrx_word' id='word_1_62' title='bbox 419 1459 561 1538; x_wconf 87' lang='lat' dir='ltr'>Pergama</span> <span class='ocrx_word' id='word_1_63' title='bbox 584 1478 639 1520; x_wconf 91' lang='lat' dir='ltr'>nec</span> <span class='ocrx_word' id='word_1_64' title='bbox 663 1460 794 1521; x_wconf 91' lang='lat' dir='ltr'>decenne</span> <span class='ocrx_word' id='word_1_65' title='bbox 817 1461 928 1523; x_wconf 88' lang='lat' dir='ltr'>bellum</span> 
     </span>
     <span class='ocr_line' id='line_1_15' title="bbox 196 1548 879 1628; baseline 0.006 -21"><span class='ocrx_word' id='word_1_66' title='bbox 196 1559 246 1608; x_wconf 77' lang='lat'>125</span> <span class='ocrx_word' id='word_1_67' title='bbox 265 1566 321 1608; x_wconf 89' lang='lat' dir='ltr'>nec</span> <span class='ocrx_word' id='word_1_68' title='bbox 345 1566 445 1608; x_wconf 88' lang='lat' dir='ltr'>saevas</span> <span class='ocrx_word' id='word_1_69' title='bbox 468 1549 696 1627; x_wconf 79' lang='lat' dir='ltr'>Agamemnonis</span> <span class='ocrx_word' id='word_1_70' title='bbox 719 1548 879 1628; x_wconf 86' lang='lat' dir='ltr'>phalangas</span> 
     </span>
     <span class='ocr_line' id='line_1_16' title="bbox 266 1637 817 1719; baseline 0.004 -23"><span class='ocrx_word' id='word_1_71' title='bbox 266 1654 321 1697; x_wconf 89' lang='lat' dir='ltr'>nec</span> <span class='ocrx_word' id='word_1_72' title='bbox 343 1639 474 1716; x_wconf 90' lang='lat' dir='ltr'>periuria</span> <span class='ocrx_word' id='word_1_73' title='bbox 497 1656 661 1717; x_wconf 89' lang='lat' dir='ltr'>persequar</span> <span class='ocrx_word' id='word_1_74' title='bbox 684 1637 817 1719; x_wconf 89' lang='lat' dir='ltr'>Sinonis,</span> 
     </span>
     <span class='ocr_line' id='line_1_17' title="bbox 268 1726 780 1804; baseline 0.002 -19"><span class='ocrx_word' id='word_1_75' title='bbox 268 1743 319 1785; x_wconf 84' lang='lat' dir='ltr'>arx</span> <span class='ocrx_word' id='word_1_76' title='bbox 343 1744 401 1804; x_wconf 89' lang='lat' dir='ltr'>quo</span> <span class='ocrx_word' id='word_1_77' title='bbox 424 1726 553 1787; x_wconf 90' lang='lat' dir='ltr'>Palladio</span> <span class='ocrx_word' id='word_1_78' title='bbox 577 1727 672 1787; x_wconf 87' lang='lat' dir='ltr'>dicata</span> <span class='ocrx_word' id='word_1_79' title='bbox 696 1729 780 1804; x_wconf 91' lang='lat' dir='ltr'>signo</span> 
     </span>
     <span class='ocr_line' id='line_1_18' title="bbox 264 1813 699 1896; baseline 0.007 -24"><span class='ocrx_word' id='word_1_80' title='bbox 264 1813 371 1892; x_wconf 91' lang='lat' dir='ltr'>pellaci</span> <span class='ocrx_word' id='word_1_81' title='bbox 393 1822 524 1876; x_wconf 90' lang='lat' dir='ltr'>reserata</span> <span class='ocrx_word' id='word_1_82' title='bbox 548 1815 699 1896; x_wconf 88' lang='lat' dir='ltr'>proditore</span> 
     </span>
     <span class='ocr_line' id='line_1_19' title="bbox 264 1905 847 1985; baseline 0.007 -24"><span class='ocrx_word' id='word_1_83' title='bbox 264 1909 432 1980; x_wconf 87' lang='lat' dir='ltr'>portantem</span> <span class='ocrx_word' id='word_1_84' title='bbox 453 1905 569 1983; x_wconf 90' lang='lat' dir='ltr'>pedites</span> <span class='ocrx_word' id='word_1_85' title='bbox 592 1922 701 1983; x_wconf 89' lang='lat' dir='ltr'>equum</span> <span class='ocrx_word' id='word_1_86' title='bbox 725 1907 847 1985; x_wconf 89' lang='lat' dir='ltr'>recepit.</span> 
     </span>
     <span class='ocr_line' id='line_1_20' title="bbox 196 1988 881 2056; baseline 0.009 -6"><span class='ocrx_word' id='word_1_87' title='bbox 196 2001 247 2051; x_wconf 83' lang='lat'>130</span> <span class='ocrx_word' id='word_1_88' title='bbox 310 1988 375 2050; x_wconf 92' lang='lat' dir='ltr'>Non</span> <span class='ocrx_word' id='word_1_89' title='bbox 398 1992 447 2052; x_wconf 92' lang='lat' dir='ltr'>hic</span> <span class='ocrx_word' id='word_1_90' title='bbox 470 1993 620 2054; x_wconf 90' lang='lat' dir='ltr'>Maeoniae</span> <span class='ocrx_word' id='word_1_91' title='bbox 644 1993 712 2054; x_wconf 90' lang='lat' dir='ltr'>stilo</span> <span class='ocrx_word' id='word_1_92' title='bbox 736 1994 881 2056; x_wconf 83' lang='lat' dir='ltr'>Camenae</span> 
     </span>
     <span class='ocr_line' id='line_1_21' title="bbox 265 2078 763 2161; baseline 0.01 -23"><span class='ocrx_word' id='word_1_93' title='bbox 265 2080 337 2139; x_wconf 88' lang='lat' dir='ltr'>civis</span> <span class='ocrx_word' id='word_1_94' title='bbox 361 2078 547 2160; x_wconf 82' lang='lat' dir='ltr'>Drdichiique</span> <span class='ocrx_word' id='word_1_95' title='bbox 570 2082 763 2161; x_wconf 84' lang='lat' dir='ltr'>Thessalique</span> 
     </span>
     <span class='ocr_line' id='line_1_22' title="bbox 263 2169 788 2253; baseline 0.013 -27"><span class='ocrx_word' id='word_1_96' title='bbox 263 2169 404 2229; x_wconf 86' lang='lat' dir='ltr'>virtutem</span> <span class='ocrx_word' id='word_1_97' title='bbox 428 2172 662 2249; x_wconf 90' lang='lat' dir='ltr'>sapientiamque</span> <span class='ocrx_word' id='word_1_98' title='bbox 685 2189 788 2253; x_wconf 89' lang='lat' dir='ltr'>narro,</span> 
     </span>
     <span class='ocr_line' id='line_1_23' title="bbox 266 2257 853 2339; baseline 0.01 -23"><span class='ocrx_word' id='word_1_99' title='bbox 266 2275 393 2335; x_wconf 90' lang='lat' dir='ltr'>quorum</span> <span class='ocrx_word' id='word_1_100' title='bbox 415 2257 463 2318; x_wconf 92' lang='lat' dir='ltr'>hic</span> <span class='ocrx_word' id='word_1_101' title='bbox 486 2258 601 2320; x_wconf 86' lang='lat' dir='ltr'>Peliaco</span> <span class='ocrx_word' id='word_1_102' title='bbox 624 2267 745 2339; x_wconf 86' lang='lat' dir='ltr'>putatur</span> <span class='ocrx_word' id='word_1_103' title='bbox 768 2267 853 2322; x_wconf 91' lang='lat' dir='ltr'>antro</span> 
     </span>
     <span class='ocr_line' id='line_1_24' title="bbox 265 2345 879 2428; baseline 0.01 -23"><span class='ocrx_word' id='word_1_104' title='bbox 265 2352 386 2428; x_wconf 88' lang='lat' dir='ltr'>venatu,</span> <span class='ocrx_word' id='word_1_105' title='bbox 410 2345 533 2427; x_wconf 89' lang='lat' dir='ltr'>fidibus,</span> <span class='ocrx_word' id='word_1_106' title='bbox 555 2347 702 2426; x_wconf 87' lang='lat' dir='ltr'>palaestra</span> <span class='ocrx_word' id='word_1_107' title='bbox 725 2357 754 2409; x_wconf 90' lang='lat' dir='ltr'>et</span> <span class='ocrx_word' id='word_1_108' title='bbox 777 2349 879 2411; x_wconf 90' lang='lat' dir='ltr'>herbis</span> 
     </span>
     <span class='ocr_line' id='line_1_25' title="bbox 194 2433 824 2519; baseline 0.006 -25"><span class='ocrx_word' id='word_1_109' title='bbox 194 2445 245 2495; x_wconf 78' lang='lat'>135</span> <span class='ocrx_word' id='word_1_110' title='bbox 265 2433 319 2494; x_wconf 92' lang='lat' dir='ltr'>sub</span> <span class='ocrx_word' id='word_1_111' title='bbox 345 2434 539 2515; x_wconf 87' lang='lat' dir='ltr'>Saturnigena</span> <span class='ocrx_word' id='word_1_112' title='bbox 563 2454 633 2496; x_wconf 90' lang='lat' dir='ltr'>sene</span> <span class='ocrx_word' id='word_1_113' title='bbox 656 2439 824 2519; x_wconf 88' lang='lat' dir='ltr'>institutus,</span> 
     </span>
     <span class='ocr_line' id='line_1_26' title="bbox 264 2522 929 2604; baseline 0.005 -21"><span class='ocrx_word' id='word_1_114' title='bbox 264 2522 333 2584; x_wconf 93' lang='lat' dir='ltr'>dum</span> <span class='ocrx_word' id='word_1_115' title='bbox 356 2542 436 2584; x_wconf 91' lang='lat' dir='ltr'>nunc</span> <span class='ocrx_word' id='word_1_116' title='bbox 459 2524 553 2585; x_wconf 90' lang='lat' dir='ltr'>lustra</span> <span class='ocrx_word' id='word_1_117' title='bbox 577 2531 678 2585; x_wconf 90' lang='lat' dir='ltr'>terens</span> <span class='ocrx_word' id='word_1_118' title='bbox 701 2544 776 2604; x_wconf 90' lang='lat' dir='ltr'>puer</span> <span class='ocrx_word' id='word_1_119' title='bbox 799 2527 929 2588; x_wconf 84' lang='lat' dir='ltr'>serarum</span> 
     </span>
     <span class='ocr_line' id='line_1_27' title="bbox 263 2612 871 2696; baseline 0.003 -24"><span class='ocrx_word' id='word_1_120' title='bbox 263 2614 374 2689; x_wconf 91' lang='lat' dir='ltr'>passim</span> <span class='ocrx_word' id='word_1_121' title='bbox 397 2631 452 2691; x_wconf 92' lang='lat' dir='ltr'>per</span> <span class='ocrx_word' id='word_1_122' title='bbox 473 2612 604 2674; x_wconf 87' lang='lat' dir='ltr'>Pholoen</span> <span class='ocrx_word' id='word_1_123' title='bbox 627 2616 703 2674; x_wconf 89' lang='lat' dir='ltr'>iacet</span> <span class='ocrx_word' id='word_1_124' title='bbox 725 2617 871 2696; x_wconf 88' lang='lat' dir='ltr'>nivosam,</span> 
     </span>
     <span class='ocr_line' id='line_1_28' title="bbox 262 2701 858 2781; baseline 0.005 -21"><span class='ocrx_word' id='word_1_125' title='bbox 262 2718 342 2761; x_wconf 91' lang='lat' dir='ltr'>nune</span> <span class='ocrx_word' id='word_1_126' title='bbox 365 2702 558 2781; x_wconf 90' lang='lat' dir='ltr'>praesepibus</span> <span class='ocrx_word' id='word_1_127' title='bbox 582 2701 729 2763; x_wconf 88' lang='lat' dir='ltr'>accubans</span> <span class='ocrx_word' id='word_1_128' title='bbox 753 2705 858 2764; x_wconf 85' lang='lat' dir='ltr'>amatis</span> 
     </span>
     <span class='ocr_line' id='line_1_29' title="bbox 263 2787 830 2873; baseline 0.007 -25"><span class='ocrx_word' id='word_1_129' title='bbox 263 2787 373 2850; x_wconf 89' lang='lat' dir='ltr'>dormit</span> <span class='ocrx_word' id='word_1_130' title='bbox 394 2790 513 2851; x_wconf 93' lang='lat' dir='ltr'>mollius</span> <span class='ocrx_word' id='word_1_131' title='bbox 536 2794 568 2850; x_wconf 91' lang='lat' dir='ltr'>in</span> <span class='ocrx_word' id='word_1_132' title='bbox 591 2791 659 2852; x_wconf 91' lang='lat' dir='ltr'>iuba</span> <span class='ocrx_word' id='word_1_133' title='bbox 684 2794 830 2873; x_wconf 87' lang='lat' dir='ltr'>magistri;</span> 
     </span>
     <span class='ocr_line' id='line_1_30' title="bbox 196 2877 779 2958; baseline 0.007 -22"><span class='ocrx_word' id='word_1_134' title='bbox 196 2888 246 2938; x_wconf 86' lang='lat'>140</span> <span class='ocrx_word' id='word_1_135' title='bbox 264 2877 332 2938; x_wconf 90' lang='lat' dir='ltr'>inde</span> <span class='ocrx_word' id='word_1_136' title='bbox 357 2878 531 2958; x_wconf 80' lang='lat' dir='ltr'>Scyriadum</span> <span class='ocrx_word' id='word_1_137' title='bbox 554 2880 639 2941; x_wconf 89' lang='lat' dir='ltr'>datus</span> <span class='ocrx_word' id='word_1_138' title='bbox 662 2882 779 2958; x_wconf 87' lang='lat' dir='ltr'>parenti</span> 
     </span>
     <span class='ocr_line' id='line_1_31' title="bbox 262 2966 829 3048; baseline 0.007 -22"><span class='ocrx_word' id='word_1_139' title='bbox 262 2966 352 3026; x_wconf 88' lang='lat' dir='ltr'>falsae</span> <span class='ocrx_word' id='word_1_140' title='bbox 376 2970 495 3028; x_wconf 90' lang='lat' dir='ltr'>nomina</span> <span class='ocrx_word' id='word_1_141' title='bbox 517 2969 677 3048; x_wconf 91' lang='lat' dir='ltr'>pertulisse</span> <span class='ocrx_word' id='word_1_142' title='bbox 700 2969 829 3048; x_wconf 83' lang='lat' dir='ltr'>Pyrrhae</span> 
     </span>
     <span class='ocr_line' id='line_1_32' title="bbox 264 3058 901 3133; baseline 0.006 -18"><span class='ocrx_word' id='word_1_143' title='bbox 264 3062 351 3133; x_wconf 87' lang='lat' dir='ltr'>atque</span> <span class='ocrx_word' id='word_1_144' title='bbox 375 3058 454 3117; x_wconf 89' lang='lat' dir='ltr'>inter</span> <span class='ocrx_word' id='word_1_145' title='bbox 476 3059 600 3118; x_wconf 87' lang='lat' dir='ltr'>tetricae</span> <span class='ocrx_word' id='word_1_146' title='bbox 624 3058 730 3118; x_wconf 88' lang='lat' dir='ltr'>choros</span> <span class='ocrx_word' id='word_1_147' title='bbox 753 3058 901 3119; x_wconf 83' lang='lat' dir='ltr'>Minervae</span> 
     </span>
     <span class='ocr_line' id='line_1_33' title="bbox 263 3143 818 3228; baseline 0.005 -24"><span class='ocrx_word' id='word_1_148' title='bbox 263 3143 394 3205; x_wconf 89' lang='lat' dir='ltr'>occultos</span> <span class='ocrx_word' id='word_1_149' title='bbox 417 3144 524 3206; x_wconf 90' lang='lat' dir='ltr'>Veneri</span> <span class='ocrx_word' id='word_1_150' title='bbox 547 3153 661 3208; x_wconf 88' lang='lat' dir='ltr'>rotasse</span> <span class='ocrx_word' id='word_1_151' title='bbox 684 3148 818 3228; x_wconf 82' lang='lat' dir='ltr'>thyrsos3</span> 
     </span>
     <span class='ocr_line' id='line_1_34' title="bbox 261 3233 892 3315; baseline 0.006 -23"><span class='ocrx_word' id='word_1_152' title='bbox 261 3239 413 3311; x_wconf 88' lang='lat' dir='ltr'>postremo</span> <span class='ocrx_word' id='word_1_153' title='bbox 437 3233 473 3294; x_wconf 93' lang='lat' dir='ltr'>ad</span> <span class='ocrx_word' id='word_1_154' title='bbox 496 3234 619 3314; x_wconf 83' lang='lat' dir='ltr'>Frygiae</span> <span class='ocrx_word' id='word_1_155' title='bbox 644 3253 750 3296; x_wconf 92' lang='lat' dir='ltr'>sonum</span> <span class='ocrx_word' id='word_1_156' title='bbox 772 3237 892 3315; x_wconf 89' lang='lat' dir='ltr'>rapinae</span> 
     </span>
     <span class='ocr_line' id='line_1_35' title="bbox 193 3321 861 3384; baseline 0.006 -4"><span class='ocrx_word' id='word_1_157' title='bbox 193 3330 243 3380; x_wconf 76' lang='grc'>141</span> <span class='ocrx_word' id='word_1_158' title='bbox 262 3327 374 3382; x_wconf 89' lang='lat' dir='ltr'>tractus</span> <span class='ocrx_word' id='word_1_159' title='bbox 398 3321 534 3384; x_wconf 91' lang='lat' dir='ltr'>laudibus</span> <span class='ocrx_word' id='word_1_160' title='bbox 556 3323 693 3384; x_wconf 90' lang='lat' dir='ltr'>Hectoris</span> <span class='ocrx_word' id='word_1_161' title='bbox 715 3323 861 3384; x_wconf 91' lang='lat' dir='ltr'>trahendi.</span> 
     </span>
     <span class='ocr_line' id='line_1_36' title="bbox 262 3410 820 3492; baseline 0.007 -23"><span class='ocrx_word' id='word_1_162' title='bbox 262 3417 308 3469; x_wconf 91' lang='lat' dir='ltr'>ast</span> <span class='ocrx_word' id='word_1_163' title='bbox 330 3410 427 3492; x_wconf 90' lang='lat' dir='ltr'>illum,</span> <span class='ocrx_word' id='word_1_164' title='bbox 450 3414 499 3472; x_wconf 91' lang='lat' dir='ltr'>cui</span> <span class='ocrx_word' id='word_1_165' title='bbox 522 3415 646 3492; x_wconf 88' lang='lat' dir='ltr'>contigit</span> <span class='ocrx_word' id='word_1_166' title='bbox 667 3419 820 3492; x_wconf 90' lang='lat' dir='ltr'>paternam</span> 
     </span>
    </p>
   </div>
   <div class='ocr_carea' id='block_1_3' title="bbox 175 3598 508 3670">
    <p class='ocr_par' dir='ltr' id='par_1_5' title="bbox 175 3598 508 3670">
     <span class='ocr_line' id='line_1_37' title="bbox 175 3598 508 3670; baseline 0.021 -21"><span class='ocrx_word' id='word_1_167' title='bbox 175 3601 224 3651; x_wconf 78' lang='lat'>141</span> <span class='ocrx_word' id='word_1_168' title='bbox 244 3598 412 3667; x_wconf 74' lang='lat' dir='ltr'>praetulisse</span> <span class='ocrx_word' id='word_1_169' title='bbox 430 3600 508 3670; x_wconf 79' lang='lat' dir='ltr'>Pry</span> 
     </span>
    </p>
   </div>
   <div class='ocr_carea' id='block_1_4' title="bbox 0 0 1318 4034">
    <p class='ocr_par' dir='ltr' id='par_1_6' title="bbox 0 0 1318 4034">
     <span class='ocr_line' id='line_1_38' title="bbox 0 0 1318 4034; baseline 0 0"><span class='ocrx_word' id='word_1_170' title='bbox 0 0 1318 4034; x_wconf 95' lang='lat' dir='ltr'> </span> 
     </span>
    </p>
   </div>
  </div>
 </body>
</html>
