2614 4030
207 197 320 253 XLVIII
604 196 817 252 PRAEFATIO.

209 349 350 410 diandum
383 365 457 407 esse.
508 346 647 407 Sidonius
680 349 760 407 enim
792 347 891 408 dicere
919 346 982 408 vult
1008 346 1079 408 solis
1110 349 1270 428 ignavis*

208 441 349 498 virtutem
372 439 497 496 otiosam
520 436 600 517 fingi,
624 453 698 514 quae
722 454 825 497 revera
845 435 981 497 audendo
1000 443 1088 516 atque
1109 436 1245 516 agendo
1269 439 1270 448 ³

208 526 359 608 probetur,
380 559 422 568 -
440 522 540 585 1595
562 543 617 604 pro
636 533 743 602 captus
761 523 983 604 Luetjohannus
1002 525 1085 586 malit
1104 533 1246 595 tactum

210 618 300 676 etiam
314 621 421 692 reptos
435 616 532 675 conici
550 621 657 695 potest,
676 613 727 674 sed
746 613 821 674 nihil
839 616 1022 675 mutaverim.
1038 649 1080 656 —
1100 615 1152 674 Π).
1175 613 1243 676 117

210 703 453 765 Wilamowitzius
485 721 545 763 non
576 702 652 764 male
680 705 820 783 proponit
846 706 1000 765 arithmos.
1025 737 1067 746 -
1095 703 1145 764 Ib.
1174 700 1244 766 166

207 796 339 872 pallidat
351 792 426 852 nihil
440 810 536 871 neque
551 793 645 852 forma
659 810 757 870 neque
771 810 862 852 sensu
877 792 1049 853 offensionis
1064 792 1182 874 habet;
1206 793 1242 853 cl.

211 885 299 943 etiam
322 880 505 942 Gustalsson.
530 877 578 941 ‘de
601 881 652 960 Ap.
673 881 733 941 Sid.
752 875 880 942 emend?
903 900 931 960 p.
954 879 1025 961 123,
1049 884 1101 960 qui
1125 881 1243 961 'vulga-

210 979 270 1032 tam
300 971 458 1031 lectionem
486 972 572 1032 Polla
603 973 657 1031 dot
688 977 810 1050 propter
841 972 949 1030 mirum
982 970 1064 1031 verbi
1094 965 1242 1053 dandi*)

210 1079 298 1122 usum
321 1062 442 1120 omnino
466 1058 608 1138 explicari
634 1077 722 1139 posse
750 1066 845 1138 negat.
890 1059 980 1119 Paulo
1008 1067 1109 1121 tamen
1140 1060 1242 1120 aliter

211 1157 298 1229 atque
322 1147 371 1208 ille
395 1149 451 1208 hoc
477 1147 601 1210 verbum
624 1146 758 1227 intellegi
779 1147 845 1207 volo
869 1149 926 1220 (-·=
945 1166 1050 1210 amore
1074 1153 1241 1226 pallidum

208 1239 340 1314 facere).
373 1271 415 1279 -
447 1236 488 1297 lo.
517 1234 580 1298 207
614 1237 651 1297 de
683 1241 774 1298 vitrei
791 1284 798 1297 .
818 1285 824 1297 .
844 1284 851 1296 .
871 1284 878 1298 .
901 1236 1111 1314 Hippocrenes
1145 1258 1177 1298 v.
1212 1257 1238 1297 c.

212 1323 357 1409 1x‚285.
402 1326 476 1387 Illira
504 1335 550 1386 est
579 1325 715 1387 codicum
743 1325 821 1386 CPF
850 1328 997 1404 scriptura
1020 1327 1237 1404 Hippocrenes

212 1433 306 1494 eoque
329 1417 432 1496 magis,
455 1416 533 1494 quod
557 1414 650 1476 altero
673 1414 738 1475 loco
762 1409 801 1498 (o
820 1414 860 1474 IX
860 1409 946 1497 ,44)
971 1415 1075 1475 eadem
1095 1418 1236 1494 genetivi

211 1506 306 1565 torma
331 1505 424 1566 Heliis
387 1498 612 1588 I.(HellesL
627 1497 769 1608 Mueller)
794 1505 994 1564 occurrit—
1017 1503 1058 1564 lb.
1079 1501 1146 1566 385
1168 1505 1234 1564 Leo

212 1611 267 1673 pro
281 1597 492 1671 perexplicato
511 1595 650 1673 proponit
665 1593 735 1669 fere
754 1597 914 1670 explicato
952 1592 1010 1652 Sed
1030 1611 1097 1654 cum
1114 1596 1234 1673 septies

213 1683 340 1744 stadium
363 1683 600 1762 permetiendum
629 1689 707 1742 esset
736 1675 786 1764 (ol.
807 1700 897 1761 supra
919 1700 945 1740 v.
965 1679 1029 1743 372
1059 1686 1090 1743 ia
1112 1701 1234 1760 pyrum

305 1765 490 1854 septimum),
522 1770 626 1850 vulgus
654 1789 713 1830 non
740 1769 879 1851 habebat,
912 1770 990 1850 quod
1019 1778 1103 1831 sexto
1134 1789 1232 1832 cursu

212 1861 343 1922 nondum
366 1861 499 1922 conlecto
523 1860 725 1921 adversarium
743 1860 802 1918 iam
824 1867 974 1938 tamquam
993 1861 1137 1920 rictorem
1157 1879 1233 1921 con-

213 1950 362 2012 salutaret.
408 1949 444 2032 In
464 1952 529 2029 Ipso
553 1956 651 2009 autem
675 1949 876 2026 decomposito
900 1967 916 2008 a
936 1948 1066 2028 Sidonio,
1090 1957 1124 2010 ut
1144 1950 1231 2009 vide·

212 2045 274 2119 tur,
301 2043 406 2098 novato
430 2035 489 2098 non
513 2045 559 2098 555
582 2057 635 2098 cur
658 2037 848 2099 offendamus.
873 2071 914 2079 -
939 2035 1037 2117 XXIV,
1056 2034 1100 2099 52
1123 2040 1231 2100 nescio

214 2146 271 2206 qua
301 2127 337 2187 de
368 2145 456 2187 causa
483 2126 704 2206 Luetjohannus
737 2133 839 2186 contra
872 2144 974 2187 omnes
1005 2124 1112 2187 libros'
1135 2129 1230 2189 Voro-

215 2234 312 2292 55555
341 2217 507 2298 scripserit,
540 2234 608 2277 cum
635 2234 680 2295 ep.
699 2215 734 2292 ll,
751 2212 821 2296 9,7
855 2217 920 2294 ipse
953 2215 1059 2276 melius
1087 2222 1231 2277 testatam

215 2305 338 2365 formam
369 2305 533 2381 Vorociapi
554 2307 709 2384 receperit.

1271 2495 1272 2534 l

281 2571 393 2652 Restat,
416 2579 450 2632 ut
473 2571 505 2632 G.
530 2571 649 2632 Goetzi0
673 2579 703 2632 et
726 2571 755 2632 C.
775 2571 953 2651 Wagenero,
979 2570 1091 2648 quide
1116 2571 1230 2651 aliquot
1271 2539 1272 2618 5

214 2658 287 2720 locis
315 2678 362 2720 me
390 2659 573 2721 dubItantem
601 2659 724 2721 consilio
753 2660 942 2740 adiuverunt,
972 2657 1087 2720 debitas
1117 2663 1227 2738 gratias
1271 2693 1272 2752 p

215 2767 306 2827 agam.

285 2938 399 3021 *)Hoo⁸
407 2938 522 2992 uerbum
547 2939 622 3009 apud
642 2937 786 2992 Sidonium
805 2954 1016 3004 nonnumquam
1040 2937 1074 2990 de
1099 2953 1134 2990 ea
1158 2939 1227 2992 urbe
1271 2937 1272 2960 ³

214 3011 421 3078 usurpatur,1n
440 3027 496 3078 quo
514 3010 576 3078 quis
590 3011 675 3064 natus
694 3012 746 3078 est,
765 3010 797 3063 ut
811 3026 938 3078 suprav
955 3013 1006 3062 105
1025 3025 1102 3078 quem
1116 3009 1227 3066 dederat

237 3081 396 3147 P..rieaac;
415 3087 466 3136 163
466 3099 562 3163 “qoem
580 3084 629 3137 ctat
647 3081 769 3136 Bilbilis
806 3080 880 3146 Quos
898 3079 976 3134 locos
995 3081 1107 3134 intuens
1127 3079 1226 3134 dubito

215 3123 252 3204 au
278 3170 334 3207 non
360 3153 472 3206 recte
464 3171 493 3206 1n
520 3152 613 3207 indice
641 3151 786 3206 nominum
808 3150 917 3205 Liviam
941 3149 986 3221 (cf.
1002 3167 1044 3220 ep
1059 3150 1136 3218 VIII,
1154 3157 1195 3220 11,
1210 3159 1226 3206 3

214 3241 240 3278 v.
256 3228 290 3276 34
304 3225 397 3292 prisco
415 3225 501 3280 Dicto
519 3241 596 3294 quem
614 3225 662 3278 dat
651 3226 818 3290 55555555)
838 3220 950 3276 Leontii
967 3231 1087 3276 matrem
1106 3239 1167 3278 esse
1185 3195 1226 3276 51-

215 3293 310 3362 nerim,
339 3311 403 3348 cum
430 3294 525 3364 potins
548 3293 643 3364 petria
666 3310 726 3348 5555
751 3293 845 3348 videat
846 3311 885 3347 ur.
923 3293 1098 3378 Quamquam
1123 3293 1225 3362 nescio,

216 3337 451 3432 quemedmodum
469 3368 530 3420 tum
549 3368 699 3434 congruat,
723 3367 756 3419 55
778 3364 828 3418 ille
846 3366 928 3432 focile
943 3367 1052 3433 priam
1070 3365 1224 3434 Aquitano-

215 3453 278 3490 5555
296 3440 349 3505 (cp.
364 3436 438 3504 VIII,
455 3443 487 3490 12
490 3440 540 3507 ,5)
561 3436 687 3507 appellet
689 3454 728 3492 ur.

1085 3545 1120 3612 P.
1143 3544 1182 3612 II.
