2610 4056
112 126 115 132 ’
163 153 230 218 234
541 153 798 210 cinnamoque.

627 370 714 436 XVI.

354 490 521 546 SIDONIUS
540 491 694 547 FIRMINO
714 490 782 546 SUO
803 491 982 548 SALUTEM.

232 605 259 670 1.
284 607 316 668 Si
338 605 518 686 recordaris,
541 604 659 665 domine
682 605 738 686 iili,
760 606 816 665 hcc
839 605 914 666 mihi
935 607 1125 688 IniunxeraS,
1154 618 1193 671 ut

162 698 212 757 bic
239 715 336 757 nonus
364 693 481 755 libellus
509 693 699 773 peculiariter
725 694 782 755 tibi
810 694 936 755 dictatus
970 699 1080 756 ceteris
1112 706 1189 759 octo

164 785 360 866 copularetur,
383 802 458 862 quos
477 783 513 843 ad
533 782 738 844 Constantium
757 785 873 864 scripsi,
896 786 993 844 virum
1017 785 1190 863 singularis

136 876 284 955 singenii,
307 872 424 934 consilii
444 870 589 952 salutaris,
609 879 688 932 certe
708 875 739 933 in
757 870 931 933 tractatibus
950 872 1079 952 publicis
1099 883 1189 936 cete-

163 981 213 1024 ros
237 963 418 1042 eloquentes,
442 979 496 1021 seu
518 960 634 1022 diversa
661 963 721 1022 sive
745 963 826 1041 paria
851 961 999 1043 decernat,
1023 970 1187 1040 praestan-

162 1054 248 1112 tioris
267 1051 420 1112 facundiae
445 1048 563 1110 dotibus
583 1049 815 1110 antecellentem.
841 1052 961 1129 sponsio
980 1049 1104 1129 impleta
1126 1062 1185 1134 est,

161 1159 221 1201 non
244 1140 366 1220 quidem
389 1146 500 1218 exacte,
523 1138 576 1198 sed
599 1138 644 1198 vel
667 1141 820 1200 instanter.
868 1137 897 1200 2.
921 1158 990 1199 nam
1008 1144 1181 1219 peragratis
1281 1199 1282 1216 ,

163 1231 239 1290 forte
268 1227 454 1290 dioecesibus
482 1245 550 1287 cum
583 1227 704 1287 domum
731 1231 811 1309 veni,
844 1230 870 1288 si
907 1229 985 1307 quod
1021 1229 1183 1290 schedium

122 1343 148 1382 ιο
161 1327 274 1380 temere
297 1320 397 1378 iacens
416 1315 558 1376 chartulis
571 1316 709 1394 putribus
728 1336 761 1377 ac
780 1320 944 1378 veternosis
959 1317 1182 1400 continebatur,

162 1410 269 1486 raptim
297 1408 480 1484 coactimque
507 1405 667 1466 translator
694 1393 820 1466 festinus
852 1408 1011 1487 exscripsi,
1039 1413 1179 1486 tempore

161 1496 285 1556 hiberno
304 1495 347 1555 nil
365 1493 540 1576 retardatus,
555 1496 627 1573 quin
646 1501 778 1555 actutum
796 1497 877 1556 iussa
896 1494 1086 1576 complerem,
1104 1495 1180 1558 licet

161 1587 361 1664 antiquarium
385 1590 552 1646 moraretur
576 1583 756 1644 insiccabilis
783 1583 851 1662 geln
873 1585 979 1663 pagina
1006 1591 1035 1644 et
1059 1584 1175 1646 calamo

161 1675 263 1735 durior
291 1681 381 1753 gutta,
414 1690 501 1751 quam
529 1672 692 1732 iudicasses
719 1672 959 1751 imprimentibus
986 1669 1088 1751 digitis
1111 1692 1174 1734 non

122 1787 147 1826 15
161 1764 263 1844 fluere,
282 1763 334 1824 sed
348 1763 451 1840 frangi.
485 1764 528 1821 sic
544 1779 660 1840 quoque
679 1768 778 1822 tamen
798 1768 964 1841 compotem
984 1762 1075 1822 officii
1089 1765 1176 1841 prius

160 1871 247 1932 agere
276 1853 389 1932 curavi,
421 1868 509 1929 quam
534 1850 742 1911 duodecimum
767 1857 915 1931 nostrum,
946 1869 1035 1930 quem
1058 1850 1174 1911 Numae

156 1959 295 2002 mensem
313 1959 365 2001 vos
392 1941 583 2019 nuncupatis,
610 1937 757 1999 Favonius
785 1940 855 1999 flatu
878 1947 982 2018 teporo
1005 1939 1175 2020 pluviisque

161 2030 307 2091 natalibus
331 2030 491 2090 maritaret.
529 2025 558 2088 3.
582 2034 683 2108 restat,
706 2035 738 2088 ut
761 2034 790 2088 te
814 2026 926 2088 arbitro
949 2047 1010 2088 non
1033 2047 1173 2107 reposca-

160 2138 228 2180 mur
257 2137 307 2180 res
340 2119 459 2178 omnino
488 2116 788 2198 discrepandssimas,
815 2119 1015 2178 maturitatem
1039 2116 1176 2178 celerita-

122 2233 147 2272 ao
161 2216 288 2286 temque.
330 2225 397 2267 nam
421 2207 558 2284 quotiens
581 2203 658 2264 liber
677 2207 823 2285 quispiam
847 2205 939 2266 scribi
962 2209 1020 2266 cito
1045 2205 1177 2288 iubetur,

161 2315 220 2357 non
244 2303 357 2356 tantum
380 2295 524 2355 honorem
548 2301 661 2372 spectat
684 2302 786 2355 auctor
806 2314 822 2355 a
841 2297 948 2355 merito
973 2301 1118 2374 quantum
1137 2295 1175 2356 ab

162 2384 312 2464 obsequio.
354 2385 390 2445 de
414 2381 538 2464 relique,
563 2384 631 2461 quia
654 2382 709 2442 tibi
728 2402 824 2463 nuper
847 2383 883 2443 ad
907 2382 1057 2444 Gelasium
1076 2386 1177 2445 virum

162 2481 206 2534 sat
232 2473 479 2552 benignissimum
510 2474 619 2531 missos
647 2471 789 2532 iambicos
816 2472 964 2552 placuisse
987 2475 1178 2556 pronuntias,

161 2581 215 2642 per
237 2563 291 2622 hos
314 2569 343 2622 te
368 2579 485 2640 quoque
508 2559 676 2639 Mytilenaei
699 2560 800 2640 oppidi
822 2561 960 2622 vernulas
983 2562 1178 2625 munerabor.

344 2686 406 2746 lam
428 2703 482 2764 per
505 2683 651 2745 alternum
674 2684 796 2764 pelagus
819 2684 961 2764 loquendi

343 2775 404 2854 egit
426 2774 566 2834 audacem
589 2791 655 2833 mea
678 2773 781 2853 cymba
804 2792 925 2835 cursum

342 2882 398 2926 nec
421 2863 562 2941 bipertito
584 2864 685 2922 timuit
708 2863 818 2923 fluento

462 2951 583 3012 ilectere
607 2950 729 3011 clavum.

232 3091 248 3140 3
268 3087 378 3142 dicatus
398 3087 574 3156 Luetjobacu
596 3089 605 3158 l
628 3091 644 3140 b
664 3086 796 3142 salutaris
816 3086 927 3142 consilii
948 3088 972 3143 0
990 3091 999 3157 l
1024 3092 1040 3140 8
1059 3085 1179 3154 quidem

161 3163 259 3214 exacte
278 3160 349 3228 MP,
374 3161 471 3213 exacte
494 3157 607 3226 quidem
633 3157 703 3226 ΟΕ·
730 3160 764 3225 ef.
786 3159 885 3214 Faost.
901 3177 930 3229 p.
949 3162 1000 3227 83,
1014 3158 1094 3213 3οΕ.
1118 3175 1178 3214 non

160 3230 274 3298 quidem
288 3230 319 3283 in
334 3272 358 3286 ..
371 3274 376 3285 .
389 3229 560 3312 primordiis,
580 3230 629 3282 sed
645 3229 793 3283 dumtaxat
806 3231 815 3298 11
830 3235 862 3283 12
881 3229 999 3285 hiberno
1014 3233 1041 3297 1ο
1056 3246 1091 3284 ex
1103 3246 1177 3287 corr.
1283 3291 1284 3308 ,

161 3302 218 3370 M¹)
226 3304 269 3370 M,
287 3300 398 3355 hiberna
418 3300 464 3370 011
487 3307 518 3354 16
537 3301 677 3372 nostrum]
696 3317 842 3354 numerum
863 3301 887 3356 0
905 3304 914 3371 11
940 3308 971 3356 17
989 3300 1176 3372 nuncupatis]

159 3372 269 3428 vocatis
286 3370 475 3442 nuncupando
496 3371 539 3454 oq
553 3378 586 3426 19
606 3371 836 3440 celeritatemque
855 3389 904 3428 om.
923 3371 951 3440 0,
969 3389 990 3427 s.
1010 3373 1027 3426 l.
1046 3371 1111 3426 odd.
1127 3373 1178 3425 M¹
1283 3366 1284 3426 l

160 3443 169 3515 ll
197 3449 230 3497 23
250 3446 295 3498 sat
312 3445 344 3498 iu
366 3443 490 3511 ras.M¹‚
515 3460 555 3496 sxc
576 3443 624 3510 Ol
650 3460 689 3497 aa
706 3441 833 3496 iambos?
856 3443 1046 3512 IacetjolearvsM
1068 3443 1115 3497 aad
1138 3445 1175 3510 cf.
1283 3489 1284 3506 ,

161 3514 294 3570 Pendeat.
304 3516 367 3584 epil.
379 3519 396 3570 7
410 3513 480 3570 citos
494 3513 631 3568 iambicos
640 3512 650 3585 11
659 3531 683 3569 v.
696 3513 825 3568 3fluento
835 3515 867 3568 ta
875 3531 929 3569 ecs.
935 3514 990 3584 M1,
1006 3512 1128 3568 secundo
1139 3513 1177 3588 011
