2660 4030
172 168 237 233 158
265 223 282 245 ,Ι
520 151 628 207 meua
646 149 833 206 summus.

172 319 267 398 ipsius
286 306 499 374 autcathedris
514 309 565 363 aut
581 297 780 361 tribunalibus
798 299 1025 376 praesederunt
1054 304 1210 370 inlustris

172 409 205 466 in
227 412 352 482 utraque
376 393 600 460 conversatione
622 389 759 468 prosapia
780 394 832 447 aut
849 390 1001 469 episcopis
1020 391 1130 454 floruit
1150 406 1210 459 aut

173 493 345 575 praelectis:
376 490 418 548 ita
450 498 570 560 semper
599 478 723 538 huiusce
750 475 915 537 maioribus
942 486 995 538 aut
1026 479 1208 547 humanum

161 589 224 644 ¹aut
247 581 377 641 divinum
401 575 515 635 dictare
538 571 585 629 ius
608 568 676 627 usui
698 565 762 624 luit
810 561 860 626 18.
885 568 1006 627 sivero
1029 588 1206 648 personam

147 693 160 733 a
175 689 258 733 suam
271 673 399 730 tractatu
413 658 619 724 consiliosiore
633 671 801 735 pensemus,
819 655 990 716 invenimus
1004 675 1073 718 cam
1088 668 1206 726 tenere

174 762 241 821 istic
268 761 347 819 inter
375 747 552 833 spectabiles
579 746 745 824 principem
767 740 875 804 locum.
922 744 975 805 sed
998 745 1104 808 dicitis
1129 754 1206 815 iure

163 848 353 910 Eucherium
370 849 402 903 et
414 836 616 917 Pannychium
628 832 771 893 inlustres
784 830 890 892 haberi
904 836 1093 913 superiores:
1114 843 1202 918 quod

173 938 316 998 hactenus
343 950 395 994 eos
424 935 487 991 esto
510 931 641 1006 putatos,
668 920 720 981 sed
743 928 932 999 praesentem
957 926 1017 983 iam
1041 925 1136 994 modo
1161 932 1203 992 ad

173 1044 293 1088 causam
315 1022 359 1083 illi
382 1038 419 1081 ex
443 1032 555 1078 canone
577 1030 637 1072 non
660 1011 867 1091 requinmtur,
896 1013 949 1090 qui
971 1011 1059 1072 ambo
1083 1016 1123 1077 ad
1149 1037 1201 1080 se-

134 1139 159 1179 1o
174 1115 286 1177 cundas
308 1111 428 1190 nuptias
452 1106 644 1167 transierunt.
689 1101 715 1159 si
737 1116 830 1158 annos
853 1101 949 1178 ipsius
973 1111 1204 1191 computemus,

173 1205 263 1265 hahet
286 1201 446 1263 efficaciam
470 1195 506 1256 de
529 1195 691 1270 iuventute,
714 1187 750 1249 de
773 1196 927 1250 senectute
951 1190 1123 1256 consilium.
1170 1201 1200 1258 si

173 1293 289 1354 litteras
312 1287 358 1350 vel
380 1287 533 1365 ingenium
556 1279 757 1358 conseramus,
779 1285 875 1338 certat
897 1285 1002 1339 natura
1025 1280 1198 1348 doctrinae.

169 1380 226 1446 ·19.
251 1383 278 1441 si
306 1377 473 1439 humanitas
500 1367 679 1450 requirenda
707 1373 765 1448 est,
796 1368 855 1427 civi
882 1367 992 1428 clerico
1019 1375 1200 1458 peregrino,

175 1468 517 1544 minimojmaximoque,
545 1461 634 1520 etiam
657 1475 746 1536 supra
770 1456 978 1518 sufficientiam
1002 1459 1140 1543 offertur,
1165 1472 1199 1526 et

46 1613 49 1618 r
135 1583 161 1623 15
175 1578 263 1622 suum
286 1559 404 1636 saepius
427 1569 534 1633 panem
557 1548 606 1609 ille
630 1549 739 1626 potius,
762 1547 896 1624 quinon
919 1553 984 1607 erat
1005 1546 1198 1636 redditurus,

174 1650 300 1730 agnovit
338 1649 365 1706 si
386 1643 550 1705 necessitas
573 1635 758 1716 arripiendae
782 1633 938 1713 legationis
958 1635 1105 1720 incubuit,
1128 1658 1196 1703 non
1300 1649 1305 1660 '

174 1739 224 1801 ille
252 1735 345 1798 semel
371 1736 425 1813 pro
453 1730 507 1790 hac
535 1729 653 1790 civitate
681 1726 763 1785 stetit
790 1723 836 1784 vel
863 1732 931 1785 ante
958 1724 1079 1804 pellitos
1101 1739 1214 1808 reges¹
1326 1765 1327 1772 κ

174 1828 311 1890 velante
334 1823 487 1904 principes
508 1822 695 1898 purpuratos.
728 1816 755 1873 si
773 1813 942 1895 ambigitm,
965 1832 1024 1893 quo
1042 1819 1194 1895 magistro
1248 1847 1253 1856 ·

174 1917 352 1988 rudimentis
380 1911 451 1972 fidei
478 1908 568 1968 luerit
590 1903 736 1964 imbutus:
763 1909 797 1964 ut
823 1903 1050 1982 proverbialiter
1073 1903 1194 1990 loquar,

135 2003 269 2069 eodonii
300 2001 426 2064 habuit
457 1997 548 2059 unde
579 1994 751 2054 disceret.
797 1989 849 2053 20.
876 1999 1027 2072 postremo
1056 1995 1115 2054 iste
1145 2007 1194 2057 est

175 2096 239 2176 ille,
271 2093 431 2169 carissimi,
463 2090 517 2154 cui,
543 2088 573 2146 in
605 2081 739 2144 tenebris
766 2080 998 2161 ergastularibus
1025 2086 1193 2145 constituto

176 2182 380 2262 multipliciter
402 2176 538 2238 obserata
564 2171 712 2234 barbarici
739 2174 867 2233 carceris
895 2171 1036 2232 divinitus
1060 2171 1192 2235 claustra

176 2279 344 2355 patuerunt.
389 2270 492 2348 istum,
520 2265 554 2326 ut
576 2262 755 2343 audivimus,
781 2267 842 2321 tam
865 2278 969 2322 socero
992 2271 1082 2339 quam
1105 2269 1192 2341 patre

177 2362 350 2443 postpositis
382 2356 418 2417 ad
446 2353 644 2416 sacerdotium
672 2350 741 2412 duci
770 2357 907 2430 oportere
933 2349 1193 2434 vociferabamiui5

137 2473 162 2513 aa
178 2470 236 2533 quo
269 2448 388 2529 quidem
419 2453 553 2525 tempore
585 2440 746 2521 plurimum
783 2438 878 2500 laudis
910 2439 1031 2500 domum
1063 2440 1192 2522 rettulit,

178 2539 295 2622 qnando
318 2537 458 2599 honorari
481 2539 636 2613 parentum
659 2529 763 2590 maluit
785 2529 927 2608 dignitate
950 2545 1039 2608 quam
1057 2532 1189 2609 propria.

178 2629 229 2693 21.
248 2647 342 2710 paene
360 2627 546 2703 transieram,
569 2619 647 2706 qnod
665 2620 823 2698 praeteriri
841 2636 900 2678 non
920 2623 1100 2696 oportuerat.
1133 2618 1192 2680 sub

176 2721 276 2802 Mopse
301 2716 461 2798 quondam,
485 2715 563 2774 sicut
585 2707 827 2790 psalmographus
850 2709 904 2789 ait,
927 2709 959 2767 in
982 2704 1088 2766 diebus
1112 2711 1187 2768 anti-

178 2813 254 2892 quis,
273 2815 306 2870 ut
323 2802 508 2868 tabernaculi
525 2799 653 2861 foederis
673 2798 766 2857 lorma
782 2803 984 2877 consurgeret,
1002 2802 1082 2856 totus
1096 2795 1189 2858 lsrael

137 2921 163 2961 ao
177 2902 209 2961 in
227 2900 349 2960 heremo
363 2903 430 2957 ante
444 2889 624 2954 Beselehelis
640 2886 731 2967 pedes
746 2884 876 2946 oblaticii
891 2884 1051 2966 symbolam
1071 2902 1190 2946 coacer-

171 3049 173 3056 '
249 3039 284 3088 20
307 3033 417 3086 Terent.
436 3027 557 3099 Adelph.
574 3026 626 3094 ΙΙΙ,
645 3029 675 3093 3,
694 3029 727 3078 59
747 3023 837 3094 (413).·
911 3026 945 3075 28
968 3019 1071 3074 Psalm.
1091 3025 1138 3088 43,
1157 3026 1189 3088 23

178 3107 266 3162 Exod.
282 3111 324 3174 36,
340 3110 421 3172 lsqq.
1129 3097 1132 3104 “

251 3187 264 3233 1
284 3176 314 3231 in
332 3178 451 3244 utraque
469 3169 589 3226 illustris
610 3167 683 3237 0116
700 3164 857 3236 principem
875 3163 902 3218 L
919 3170 945 3219 et
964 3167 1042 3232 (corr.
1061 3164 1094 3217 ia
1110 3161 1191 3232 prin-

179 3250 255 3320 cipes
273 3249 370 3318 N¹)N‚
392 3245 535 3316 principes
554 3239 647 3295 MOT
669 3241 674 3308 Ι
699 3239 747 3292 sed
766 3237 830 3304 Μ’,
855 3235 879 3290 si
898 3235 920 3306 (i
938 3237 970 3290 ia
987 3251 1041 3290 ras.
1057 3234 1190 3305 M¹)M0,

178 3322 224 3386 vel
242 3321 292 3376 sed
314 3337 335 3375 a.
354 3320 372 3374 l.
391 3319 454 3374 add.
474 3314 521 3370 M¹
546 3315 550 3384 1
575 3312 635 3366 iure
654 3312 817 3376 Mommsen,
839 3307 901 3362 viro
920 3306 997 3374 ΒΜ,
1020 3304 1100 3360 viros'
1117 3307 1143 3360 Τ
1163 3313 1190 3361 et

180 3397 236 3463 (ros
263 3409 283 3448 a.
308 3393 325 3446 l.
350 3391 413 3446 add.
433 3386 534 3456 N¹)N,
560 3400 626 3438 vero
651 3383 683 3451 0,
712 3378 863 3460 spectabili
889 3377 949 3433 viro
973 3377 1190 3502 Wihmittht

181 3469 214 3519 17
232 3463 279 3518 vel
293 3467 356 3531 post
373 3459 455 3514 stetit
468 3475 518 3514 om.
533 3455 567 3509 N
569 3455 606 3509 M
609 3454 660 3509 GT
675 3457 679 3520 Ι
695 3456 760 3505 ante
776 3450 890 3520 pellitos
908 3464 988 3518 reges
1002 3464 1022 3502 s.
1038 3448 1056 3502 l.
1071 3449 1135 3504 add.

180 3536 189 3584 t
208 3539 242 3584 30
261 3530 414 3602 symbolam
431 3530 465 3597 L,
485 3525 635 3581 simbolum
656 3525 713 3594 (scd
731 3539 779 3576 um
796 3524 829 3578 ia
846 3539 900 3578 ros.
915 3521 949 3575 N
951 3518 1008 3589 ¹)N
1009 3518 1078 3588 Md,
1097 3517 1189 3573 oblati
1305 3562 1327 3576 .,
