2628 4034
512 231 664 288 OARMEN
684 232 743 289 XV.
1071 231 1134 296 317

213 388 246 442 tu
268 381 415 442 meditans
438 388 534 441 totum
557 381 694 462 decoras,
717 381 891 462 Periandro,
915 381 1091 462 Corinthon,

211 471 325 531 Atticus
344 469 413 530 inde
433 470 522 530 Solon
542 465 590 531 ‘nc
618 471 687 548 quid
714 466 814 531 nimis'
839 469 981 548 approbat
1004 488 1113 550 unum;

210 559 352 620 Prienaee
375 558 441 640 Bia,
464 557 566 638 plures
590 561 633 619 ais
656 577 722 620 esse
745 558 906 640 malignos,

211 656 245 708 tu
266 647 404 728 Mytilene
428 654 508 708 satus
533 667 726 729 cognoscere,
749 647 877 728 Pittace,
899 654 1031 728 tempuS,

158 749 335 798 conoscere
360 755 425 797 sese
448 732 560 819 ipsum,
583 736 688 797 Chilon
712 737 871 818 Spartane,
893 735 1033 817 docebas3

212 828 320 886 asserit
342 825 392 886 hic
416 825 533 886 Samius
555 833 624 905 post
646 826 733 887 docta
757 825 874 887 silentia
897 825 985 887 lustri

211 914 404 995 Pythagorae,
428 914 555 975 solidum
577 917 717 995 princeps
742 915 819 995 quod
842 917 955 975 musica
980 913 1124 974 mundum

212 1009 359 1082 temperet
381 1010 412 1063 et
435 1005 525 1064 certis
549 1012 725 1066 concentum
749 1004 853 1065 reddat
876 1003 911 1064 ah
935 1005 1039 1083 astris,

214 1095 370 1171 signaque,
393 1092 531 1153 zodiacus
555 1112 629 1172 quae
654 1093 783 1154 circulus
807 1111 860 1152 axe
885 1109 1025 1171 supremo

159 1188 297 1241 osterna
321 1187 425 1259 quater
447 1183 570 1263 retinet,
592 1185 714 1261 proprio
737 1200 797 1242 uon
821 1200 942 1242 currere
965 1188 1062 1261 motu,

212 1271 315 1348 aequis
339 1271 419 1330 inter
442 1288 474 1330 se
499 1273 603 1350 spatiis
626 1278 725 1332 tamen
748 1289 815 1331 esse
838 1270 933 1331 locata

214 1359 329 1437 fixaque
353 1358 495 1437 signifero
518 1361 631 1438 pariter
651 1378 767 1439 quoque
791 1378 901 1421 cernua
925 1359 1012 1440 serri,

213 1449 466 1527 praecipuumque
490 1450 578 1508 etiam
603 1458 716 1528 septem
739 1466 810 1528 vaga
834 1448 932 1509 sidera
956 1454 1075 1509 cantum

212 1537 282 1596 hinc
301 1536 380 1617 dare,
398 1537 549 1615 perlectus
572 1555 715 1598 numerus
738 1538 817 1616 quod
840 1543 966 1615 uterque
986 1535 1138 1616 habeatur,

161 1636 194 1686 60
212 1626 269 1686 hoc
291 1642 417 1686 numero
441 1625 605 1707 affirmans,
627 1627 684 1686 hoc
708 1626 812 1686 ordine
837 1632 942 1687 cuncta
965 1627 1071 1704 rotari,

213 1714 338 1775 falciferi
360 1732 464 1775 zonam
487 1717 531 1775 ire
555 1716 635 1776 senis
658 1734 713 1794 per
736 1733 851 1776 summa
873 1713 1023 1795 polorum,

211 1802 314 1863 Martis
338 1807 509 1882 contiguum
532 1803 630 1864 medio
653 1804 720 1865 love
743 1822 868 1884 pergere
893 1802 990 1884 sidus,

213 1898 280 1971 post
302 1891 357 1951 hos
381 1894 440 1952 iam
463 1900 568 1972 quarto
592 1912 624 1954 se
647 1894 767 1954 flectere
791 1894 909 1953 tramite
933 1891 1046 1970 Solem,

215 1982 258 2040 sic
281 1980 427 2060 placidam
449 1981 580 2062 Paphien
604 2000 721 2044 servare
745 1983 888 2043 diastema
913 1983 1064 2061 quintum,

162 2082 195 2129 co
214 2069 373 2129 Arcadium
397 2077 494 2150 sexto,
516 2071 630 2131 Lunam
653 2074 697 2132 sic
720 2071 792 2132 orbe
816 2089 955 2150 supremo

214 2165 260 2218 ter
283 2156 375 2217 denas
398 2161 512 2239 tropico
535 2179 628 2240 prope
653 2180 773 2222 currere
798 2160 915 2221 climate
938 2177 1044 2238 myras

215 2249 241 2307 si
265 2264 339 2324 quos
364 2264 435 2325 ergo
459 2247 571 2329 chelys,
596 2251 622 2309 si
645 2269 719 2328 quos
742 2249 820 2332 lyra,
843 2249 916 2310 tibia
940 2251 966 2309 si
990 2267 1064 2328 quos

214 2335 363 2395 ediderint
387 2353 454 2396 cum
477 2354 548 2396 voce
571 2337 690 2420 modos,
714 2338 866 2416 exemplar
889 2338 924 2399 ad
948 2336 1029 2398 istud

214 2423 398 2503 ponderibus
421 2426 540 2505 positis,
565 2433 707 2504 quantum
730 2429 883 2507 proportio
908 2426 1024 2508 suadet,

163 2523 197 2573 io
216 2512 369 2574 intervalla
393 2515 478 2592 sequi
502 2516 618 2592 septeni
641 2515 748 2576 sideris
773 2515 846 2596 edit3

215 2593 398 2662 harmoniam
422 2602 525 2663 diceus
548 2605 650 2684 etiam,
677 2604 755 2683 quod
780 2611 918 2683 quattuor
940 2606 1007 2665 istis

217 2693 260 2751 sic
284 2691 406 2751 sedeant
429 2691 575 2752 elementa
598 2692 711 2774 modis,
733 2700 767 2754 ut
792 2692 923 2772 pondere
947 2695 1062 2772 maguis

217 2782 255 2840 sit
278 2779 361 2840 locus
385 2781 509 2840 inferior
531 2781 629 2844 media
651 2781 772 2863 tellure;
797 2781 875 2860 quod
900 2788 998 2842 autem

216 2869 347 2948 perlecto
371 2869 503 2929 medium
526 2877 585 2951 est,
608 2872 702 2932 imum
724 2878 806 2951 patet
828 2888 894 2932 esse
918 2870 1051 2953 rotundi;

164 2967 197 3018 '16
216 2957 287 3017 hinc
310 2958 387 3039 lieri,
411 2965 445 3018 ut
466 2965 579 3019 terram
602 2959 695 3020 levior
719 2962 918 3040 superemicet
940 2959 1034 3039 unda,

217 3045 304 3106 altior
326 3046 373 3106 his
398 3066 515 3126 quoque
539 3050 578 3108 sit
602 3051 654 3128 qui
676 3051 781 3128 purior
805 3051 917 3108 eminet
940 3067 1004 3129 aer,

218 3137 317 3196 omnia
340 3135 496 3197 concludat
520 3137 634 3198 caelum
657 3137 775 3200 levitate
799 3156 950 3218 suprema,

216 3224 344 3303 pendeat
367 3231 396 3285 et
418 3231 513 3285 totum
538 3226 626 3287 simul
648 3227 705 3288 hoo
728 3227 764 3288 ah
789 3228 902 3305 origine
927 3228 1030 3287 centri.

201 3452 234 3500 49
254 3464 391 3518 cognosce
413 3451 450 3519 P,
475 3433 620 3520 cognoscis
641 3451 698 3506 OF
720 3455 730 3522 l
758 3457 791 3506 59
809 3451 857 3506 hic
877 3452 905 3506 P
933 3454 937 3522 Ι
966 3449 1064 3519 utique
1084 3451 1147 3578 val

134 3522 413 3662 ppszrppmhcpoo(pf.
435 3520 585 3578 Clondico.
606 3523 673 3591 VII,
688 3527 753 3592 168)
760 3545 770 3590 ‚·
793 3540 898 3579 cronon
918 3523 954 3594 F,
979 3522 1103 3578 chronon

296 3608 322 3645 1c
