2610 4056
174 208 239 274 256
580 206 733 263 OARMEN
751 206 784 264 V.

308 375 377 418 narn
400 357 493 418 lamae
517 355 640 436 pelagus
663 356 761 418 sidere
785 374 873 417 curro
897 375 960 417 suo.

242 448 268 508 si
290 445 409 528 prohat,
432 447 556 526 emittit,
580 448 606 506 si
629 444 748 506 damnat
767 447 911 527 carmina,
934 444 1024 527 celat,

307 553 363 596 nec
386 553 441 595 nos
465 535 643 596 ronchisono
667 535 855 596 rhinocerote
878 541 968 596 notat.

242 625 267 705 i,
289 623 378 685 liber:
401 623 451 684 hic
474 629 610 685 nostrum
632 629 759 705 tutatur,
783 623 886 704 crede,
909 623 1069 704 pudorem3

189 726 222 775 10
307 713 364 773 hoc
387 730 511 774 censore
535 714 624 773 etiam
647 710 835 792 displicuisse
859 711 964 792 placet.

652 937 709 1004 1v.
1280 877 1283 1024 l

199 1059 404 1116 PRAEFATIO
424 1058 649 1116 PANEGYRIOI
667 1060 766 1116 DIOTI
782 1059 928 1116 DOMINO
947 1059 1180 1117 IMPERATORI
1282 1027 1283 1064 ¹

245 1145 400 1205 CAESARI
418 1148 493 1204 IULI
495 1149 517 1206 O
536 1149 695 1205 VALERIO
715 1148 923 1205 MAIORIANO
941 1147 1123 1206 AUGUSTO

242 1262 363 1342 Tityrus
381 1268 415 1322 ut
438 1262 586 1342 quondam
608 1269 659 1342 pat
646 1261 724 1324 tulac
749 1262 804 1324 sub
827 1265 957 1342 tegmine
981 1263 1040 1342 fagi

309 1351 440 1412 volveret
462 1350 580 1412 inflatos
604 1369 756 1412 murmura
779 1369 833 1431 per
855 1351 995 1456 calamos,

244 1441 394 1520 praestitit
416 1439 557 1501 aldicto
549 1458 597 1501 rus
620 1443 697 1501 vitae
721 1439 829 1501 Caesar
852 1447 883 1501 et
907 1443 984 1522 agri,

311 1547 366 1590 nec
390 1530 472 1590 stetit
495 1529 530 1589 ad
553 1535 674 1590 tenuem
698 1529 835 1590 celsior
827 1547 872 1590 rra
887 1548 995 1634 reum,

208 1616 297 1680 csed
321 1636 372 1679 rus
396 1636 571 1680 concessum
595 1619 666 1679 dum
689 1618 803 1697 largo
794 1636 827 1678 ιιι
848 1621 984 1698 principe
1008 1616 1124 1700 laudat,
1281 1591 1283 1720 ⁴

311 1705 426 1768 caelum
449 1725 503 1786 pro
527 1709 618 1768 terris
641 1709 752 1769 rustica
775 1706 858 1768 Musa
881 1707 977 1789 dedit,

243 1813 298 1856 nec
322 1796 378 1856 fuit
401 1796 527 1856 inferius
549 1794 696 1857 Phoebeia
719 1795 796 1856 dona
817 1797 944 1857 referre:

311 1884 424 1946 iecerat
446 1885 496 1946 hic
518 1885 687 1967 dominum,
709 1886 834 1946 lecitet
856 1884 906 1946 ille
930 1885 1026 1946 deum

245 1972 366 2055 ettihi,
384 1971 502 2055 Flacco,
526 1976 605 2035 acies
628 1974 713 2036 Bruti
729 1973 878 2078 Cassique
903 1981 1004 2035 secuto

194 2074 227 2124 ιο
314 2063 454 2122 carminis
478 2069 524 2123 est
546 2070 663 2144 auctor,
686 2065 738 2141 qui
761 2063 817 2123 luit
839 2070 869 2123 et
891 2065 1003 2124 veniae.

246 2152 289 2211 sic
311 2150 386 2210 mihi
408 2151 525 2211 diverso
549 2169 646 2231 nuper
669 2151 724 2212 sub
747 2150 840 2212 Marte
864 2151 981 2212 cadenti

310 2241 426 2299 iussisti
449 2248 561 2321 erecto,
584 2243 692 2322 victor,
715 2247 748 2301 ut
772 2258 869 2301 essem
892 2243 998 2302 animo

245 2329 354 2389 serviat
377 2345 447 2408 ergo
471 2327 526 2389 tibi
549 2332 658 2390 servati
680 2329 780 2409 lingua
803 2336 907 2409 poetae

148 2427 224 2450 “²
311 2422 399 2495 atque
422 2434 506 2478 meae
530 2419 571 2477 vit
572 2436 605 2478 ac
559 2418 693 2479 tlaus
716 2427 766 2479 tua
790 2420 829 2478 sit
851 2421 989 2497 pretium.

193 2518 225 2566 15
244 2523 304 2566 non
328 2523 382 2585 ego
405 2505 537 2567 mordaci
561 2507 668 2567 fodiam
693 2507 780 2567 modo
804 2506 892 2568 dente
915 2505 1067 2567 Maronem

311 2613 367 2655 nec
391 2597 485 2655 civem
508 2614 640 2677 carpam,
664 2603 744 2656 terra
768 2594 896 2678 Sabella,
919 2603 1013 2657 tuum.

244 2701 293 2744 res
316 2685 415 2744 minor
437 2686 556 2763 ingenio
579 2684 679 2765 nohis,
703 2684 755 2745 sed
779 2683 904 2745 Caesare
928 2687 1036 2767 maior,

310 2774 429 2833 vincant
452 2772 583 2854 eloquio,
606 2773 766 2834 dummodo
789 2791 844 2834 nos
867 2773 996 2835 domino.

663 2998 703 3065 V.

554 3120 818 3177 PANEGYRICUS.

312 3232 440 3312 Concipe
463 3235 653 3316 praeteritos,
676 3234 857 3316 respublica,
880 3243 979 3296 mente
1007 3235 1198 3314 triumphos:

268 3324 427 3401 imperium
446 3324 504 3383 iam
528 3321 631 3383 consul
654 3321 751 3405 habet,
775 3342 864 3404 quem
887 3342 1019 3403 purpura
1042 3342 1103 3384 non
1127 3324 1199 3405 plus

250 3491 289 3544 lV
307 3499 323 3546 2
343 3491 465 3547 solveret
484 3491 575 3562 01112
595 3495 688 3548 erecto
707 3493 798 3548 victor
816 3494 882 3564 Leo,
899 3493 989 3551 victor
1007 3494 1099 3551 victor
1116 3497 1199 3553 codd.

179 3558 303 3629 (placido
321 3561 411 3617 victor
429 3564 536 3635 culpo„
554 3562 588 3630 cf.
609 3581 631 3619 o.
647 3565 769 3635 XXHI,
782 3569 819 3620 19
832 3567 841 3634 ΙΙ
