2636 4032
331 232 501 289 srnourns
519 231 700 288 nonnum
720 231 789 288 sno
809 209 986 288 saturnu.
1102 229 1167 296 103

149 387 198 460 pix
216 385 359 464 petissem
377 382 463 442 miles
483 400 499 442 a
517 383 637 460 sospite.
667 382 718 442 sed
742 388 771 442 et
790 381 900 442 liberos
919 384 984 442 eius
1004 382 1044 442 ita
1063 380 1166 463 diligo,

146 481 183 542 ,ut
206 475 294 534 etiam
318 471 438 551 siquid
462 471 618 531 adversum
641 472 765 531 cesserit
788 472 892 551 amico,
914 471 957 531 nil
980 472 1037 531 sim
1061 470 1096 533 ab
1116 470 1165 531 his

146 561 276 642 amplius
294 560 497 641 postulaturus
516 577 605 639 quam
624 561 683 620 mei
701 559 792 620 officii
810 562 885 620 ratio
904 561 1059 638 permittit.
1092 579 1165 639 qua·

146 658 272 732 propter
294 648 391 710 scribe
416 648 551 709 sollicitis
575 642 708 732 (quoque
731 648 798 729 plus
817 648 940 710 credant
962 647 1070 710 litteris
1094 651 1165 731 tuis,

147 758 231 801 meas
254 732 372 822 iunge),
395 740 531 817 quisquis
554 736 603 798 ille
627 737 717 798 luerit
739 736 889 816 languoris
913 744 1050 818 eventuS,
1074 756 1164 816 quem
1191 754 1206 796 1

147 836 249 889 tamen
268 828 354 887 fratri
371 844 549 906 prosperum
568 833 713 906 optamus,
732 826 811 905 quod
830 833 860 886 11
877 844 1008 887 annuum
1022 826 1165 888 solutioni

151 919 280 996 spatium
302 914 468 996 prorogabo
491 924 521 976 et
545 917 762 994 superpositam
785 915 988 995 medietatem,
1011 933 1086 994 quae
1108 934 1165 995 per

148 1024 258 1067 usurae
281 1023 391 1065 nomen
414 1005 550 1085 accrevit,
573 1003 751 1084 indulgeam,
775 1003 837 1064 sola
856 1003 955 1084 simpli
973 1006 1163 1065 restitutione

147 1087 327 1156 contentus'.
375 1091 403 1156 7.
431 1095 479 1172 egi
501 1093 538 1153 ad
560 1093 633 1154 haec
657 1095 765 1172 gratias
789 1093 844 1153 deo
867 1095 1025 1174 maximas,
1052 1093 1165 1172 hospiti

147 1201 278 1263 magnas,
302 1184 355 1261 qui
377 1185 420 1242 sic
443 1190 556 1242 amaret
578 1189 637 1242 tam
662 1200 746 1242 suam
768 1182 875 1242 lamam
899 1200 987 1261 quam
1010 1185 1164 1244 conscien-
1177 1203 1206 1244 ao

150 1275 230 1354 tiam,
253 1272 431 1333 confirmans
455 1273 582 1332 amioum
601 1273 791 1350 praemittere
811 1270 877 1352 sibi,
900 1271 980 1350 quod
999 1271 1164 1333 dimitteret

147 1360 245 1442 robis,
273 1367 361 1440 atque
387 1360 458 1421 hinc
482 1378 611 1439 superna
634 1377 724 1438 regna
747 1362 888 1439 mercari,
915 1360 994 1438 quod
1017 1359 1164 1422 beneficia

148 1457 269 1510 terrena
283 1467 343 1510 non
357 1449 506 1510 venderet.
536 1467 615 1529 ergo,
634 1448 713 1527 quod
727 1455 828 1529 restat,
846 1451 970 1530 enitere,
989 1456 1022 1510 ut
1041 1457 1162 1512 auctore

147 1545 177 1599 te
201 1540 337 1617 protinus
361 1537 459 1598 saltim
483 1538 667 1598 commodata
690 1555 804 1598 summa
827 1537 969 1618 solvatur,
994 1540 1036 1598 sic
1060 1545 1093 1599 ut
1116 1540 1161 1599 11-

148 1635 252 1706 gentes
275 1626 468 1688 nihilominus
492 1629 601 1706 gratias
624 1645 693 1704 agas
712 1628 800 1686 etiam
820 1628 938 1686 nomine
958 1626 1085 1708 illorum,
1109 1630 1162 1707 qui
1176 1647 1202 1688 15

148 1715 205 1776 tibi
232 1718 424 1794 germanitate
458 1718 608 1776 coniuncti
639 1715 701 1775 fors
732 1733 788 1794 per
815 1722 940 1775 aetatem
969 1733 1072 1794 sapere
1101 1735 1160 1777 non

146 1812 281 1885 possunt,
299 1805 370 1884 quid
390 1807 521 1866 muneris
536 1808 765 1883 consequantur.
797 1801 826 1866 8.
845 1822 906 1865 non
925 1811 970 1864 est
989 1823 1042 1864 cur
1061 1804 1161 1866 dicere

147 1894 286 1972 incipias:
319 1889 424 1954 ‘habeo
452 1901 605 1955 consortes
633 1893 761 1954 necdum
788 1891 935 1953 celebrata
968 1892 1073 1954 divisio
1102 1901 1162 1975 est;

146 1984 262 2043 avarius
285 2000 333 2042 1111
357 1989 472 2043 constat
495 2001 561 2044 esse
585 1988 744 2044 tractatum
765 2000 852 2061 quam
871 1981 1045 2063 coheredes3
1069 1982 1163 2043 irater

146 2090 180 2133 ac
199 2089 284 2132 soror
303 2070 358 2132 suh
378 2073 463 2131 annis
482 2071 577 2132 adhuc
595 2069 771 2132 tutelaribus
790 2078 893 2152 agunt3
917 2073 1013 2131 sorori
1032 2071 1160 2132 necdum
1174 2093 1202 2134 ao

147 2162 281 2241 maritus,
304 2161 390 2221 fratri
408 2160 537 2221 necdum
555 2169 683 2242 curator,
706 2163 836 2221 curatori
855 2160 981 2221 necdum
1001 2160 1161 2221 satisdator

147 2251 285 2310 inventus
308 2244 374 2309 est.'
411 2249 490 2329 quod
514 2250 634 2328 quidem
656 2256 752 2310 totum
775 2248 972 2310 creditoribus
995 2248 1082 2330 bene,
1106 2249 1159 2310 sed

146 2337 232 2398 malis
264 2338 387 2418 dicitur3
423 2346 452 2399 at
485 2356 553 2398 cum
587 2338 676 2399 habet
706 2336 774 2398 talis
806 2356 934 2416 persona
966 2345 1160 2420 contractum,

147 2445 221 2505 quae
244 2425 315 2486 velit
337 2426 470 2488 medium
493 2426 634 2508 relaxare,
658 2445 727 2488 cum
749 2434 844 2487 totum
866 2429 962 2506 possit
980 2429 1108 2508 exigere,
1132 2431 1159 2488 si

146 2533 259 2576 moram
277 2518 397 2596 patitur,
417 2516 558 2595 quiequid
576 2524 699 2595 propter
717 2515 952 2576 misericordiam
971 2524 1160 2578 concesserat
1174 2536 1202 2578 11

145 2606 207 2685 pie,
230 2606 309 2665 iuste
332 2606 462 2684 reposcit
484 2611 606 2684 propter
630 2606 779 2665 iniuriam.
815 2604 887 2665 vale.

602 2830 704 2897 XXV.

328 2951 496 3008 SIDONIUS
515 2950 694 3007 DOMNULO
714 2950 783 3006 SUO
803 2950 981 3008 SALUTEM.

206 3063 241 3127 .1.
264 3064 386 3144 Nequeo
406 3066 536 3147 differre,
556 3068 628 3145 quin
647 3065 766 3145 grandis
786 3067 992 3126 communione
1011 3071 1040 3125 te
1059 3065 1160 3144 gaudii

146 3154 272 3215 festinus
296 3156 471 3236 inpertiam,
498 3157 639 3216 nimirum
663 3173 751 3215 nosse
775 3156 957 3234 cupientem,
981 3154 1051 3232 quid
1074 3161 1161 3233 pater

146 3250 247 3303 noster
274 3245 305 3303 in
329 3241 446 3304 Christo
474 3245 586 3322 pariter
613 3251 643 3303 et
672 3243 804 3322 pontifex
831 3242 950 3303 Patiens
973 3241 1159 3304 Cabillonum
1172 3266 1200 3306 eo

146 3331 295 3411 proiectus
323 3350 406 3392 more
434 3332 601 3414 religionis,
632 3350 714 3392 more
742 3333 923 3392 constantiae
948 3349 1018 3392 suae
1045 3333 1159 3393 feeerit

146 3438 215 3480 cum
228 3423 359 3481 venisset
372 3423 404 3481 in
419 3420 559 3500 oppidum
575 3422 809 3501 suprascriptum
822 3420 1049 3501 provincialium
1062 3439 1159 3482 sacer·

216 3595 231 3644 2
251 3591 287 3645 ab
306 3591 350 3645 his
369 3607 420 3648 om.
441 3591 531 3662 01117
550 3593 633 3648 11111.
652 3609 702 3648 om.
721 3593 771 3663 Lu
784 3597 819 3646 30
837 3590 1017 3648 cavilonnum
1035 3592 1101 3648 ΕΝ
1110 3596 1120 3663 ΙΙ
