2614 4030
469 981 777 1056 PRAEFATIO.

611 1155 635 1222 I.

181 1285 299 1346 Sidonii
323 1284 453 1366 eodiceS,
477 1288 529 1364 qui
552 1291 671 1364 praeter
691 1285 832 1364 quasdam
852 1284 971 1346 lacunas
995 1289 1127 1347 omnium

112 1367 327 1456 communes*)
347 1380 397 1433 ant
416 1377 535 1434 omnino
555 1381 606 1434 aut
624 1392 729 1452 magna
755 1380 892 1454 exparte
911 1377 1021 1454 integri
1044 1395 1126 1436 sexa-

111 1465 192 1542 ginta
211 1464 276 1523 fere
296 1463 404 1522 servati
423 1470 492 1523 sunt
511 1455 670 1546 (accedunt
688 1462 754 1543 plus
778 1464 895 1545 viginti,
919 1466 971 1543 qui
994 1464 1125 1542 singulas

111 1560 228 1613 tantum
261 1559 313 1612 aut
343 1569 452 1630 pancas
484 1551 626 1631 epistulas
654 1552 699 1612 vel
729 1554 860 1613 earmina
893 1555 954 1612 sive
987 1561 1125 1632 excerpta

111 1634 283 1724 exhibent),
319 1639 386 1701 Chr.
418 1639 654 1722 Lnetjohannus,
684 1659 752 1702 cum
780 1642 960 1719 scriptorum
990 1641 1125 1702 ordinem

112 1738 163 1791 aut
185 1729 469 1808 transpositionibus
497 1736 642 1790 mutatum
670 1736 720 1790 aut
748 1732 836 1790 etiam
859 1728 972 1789 lacunis
995 1730 1125 1790 hiantem

111 1826 270 1899 spectaret,
284 1821 316 1878 in
331 1824 469 1896 quattuor
488 1818 613 1879 familias
629 1819 737 1898 divisit,
756 1817 895 1896 equibus
914 1817 950 1877 ad
965 1818 1125 1879 editionem

112 1925 197 1968 snam
221 1909 303 1967 omni
321 1906 406 1967 lande
431 1907 635 1986 dignissimam
654 1907 853 1967 adornandam
876 1907 930 1966 hos
951 1925 1002 1966 sex
1022 1907 1123 1986 elegit:

112 2015 147 2056 ex
170 1998 268 2076 prima
291 1995 414 2077 familia,
438 2015 495 2074 qua
519 2000 617 2057 omnia
640 1999 750 2076 scripta
774 1996 878 2056 eodem
898 2014 955 2075 quo
975 1998 1006 2056 in
1025 2014 1123 2056 exem-

110 2084 244 2164 plaribus
272 2083 396 2162 vulgatis
424 2085 527 2145 ordine
556 2085 699 2165 disposita
729 2087 931 2166 continentur,
962 2087 1021 2145 nisi
1044 2086 1123 2165 qnod

111 2193 156 2253 ep.
170 2173 189 2234 l.
205 2173 255 2234 Vll
273 2171 293 2236 6
313 2181 343 2234 et
362 2173 380 2234 7
400 2180 467 2254 post
486 2193 594 2235 nonam
612 2174 760 2255 leguntur,
779 2174 842 2234 cod.
863 2175 1123 2235 Matritensem

110 2260 233 2324 ne102
253 2261 400 2323 sll-Xl
424 2263 485 2338 (C),
509 2265 558 2323 cui
581 2263 678 2323 allinis
702 2271 747 2324 est
770 2263 834 2323 cod.
856 2262 1013 2323 Vaticanus
1033 2259 1118 2325 3421
1143 2270 1163 2325 C

112 2370 133 2412 s
152 2351 179 2411 Χ
198 2353 258 2411 iam
281 2370 297 2411 a
319 2351 367 2412 Fr.
391 2350 596 2413 Gustalssonio
621 2345 684 2435 (‘de
699 2350 790 2431 Apoll.
806 2351 866 2412 Sid.
886 2347 1012 2412 emend'
1027 2370 1055 2431 p.
1070 2347 1120 2434 lV)

111 2442 277 2501 accuratius
301 2440 481 2522 descriptus3
512 2460 548 2501 ex
571 2441 675 2522 altera,
706 2459 780 2519 quae
804 2459 872 2500 cum
894 2444 1002 2520 partim
1025 2446 1122 2500 totum

112 2528 266 2590 Sidonium
288 2531 397 2608 partim
419 2538 538 2609 praeter
561 2529 702 2609 epistulas
722 2529 833 2609 aliquot
856 2537 970 2590 tantum
989 2531 1119 2589 carmina

110 2620 217 2696 partim
236 2617 314 2678 solas
333 2619 474 2697 epistulas
493 2621 652 2699 contineat,
674 2621 811 2680 universa
830 2618 980 2678 turbatum
999 2621 1030 2678 in
1049 2617 1066 2677 l.
1088 2617 1124 2678 VI

111 2713 139 2767 et
157 2707 206 2766 Vll
225 2706 419 2785 epistularum
438 2707 573 2768 ordinem
592 2707 692 2788 habet,
711 2707 774 2768 cod.
800 2709 1013 2768 Parisioom
1032 2703 1117 2768 9551

111 2813 132 2856 s.
146 2795 312 2856 Xll-Xlll
335 2798 405 2870 (F),·
429 2816 465 2857 ex
487 2798 588 2877 tertia,
612 2815 686 2875 qnae
711 2798 795 2875 quasi
817 2795 948 2856 medium
971 2796 1158 2873 quendamF

109 2886 188 2945 inter
214 2886 340 2964 primam
368 2893 398 2946 et
425 2885 547 2946 alteram
574 2885 672 2945 locum
689 2892 795 2964 tenet,
819 2884 882 2944 cod.
907 2885 1119 2943 Portentum

109 2971 193 3036 2781
219 2991 242 3033 s,
262 2971 462 3048 x-x1(P);
491 2993 526 3034 ex
551 2982 654 3053 quarta
677 2973 803 3051 denique
827 2978 860 3033 nt
883 2971 1019 3032 lectionis
1042 2973 1117 3031 inte·
1140 2979 1161 3033 P

109 3064 213 3140 gnitate
244 3064 285 3122 ita
314 3061 450 3141 plurimis
474 3071 504 3144 et
526 3063 640 3124 lacunis
664 3064 796 3122 omnium
819 3061 964 3122 librorum
987 3079 1118 3120 commu-

110 3151 196 3212 nibus
224 3158 254 3211 et
282 3153 460 3231 scriptorum
488 3151 768 3231 transpositionibus
795 3152 907 3228 insigni
936 3148 1000 3209 cod.
1023 3150 1119 3210 Lau·

110 3244 317 3301 renttanum
339 3240 411 3320 plut.
431 3240 513 3322 XLV,
532 3238 575 3303 23
595 3259 617 3300 s.
637 3238 774 3300 lll-Xll
792 3239 855 3319 (T),
878 3240 927 3300 cui
951 3238 1119 3298 simillimus
1139 3247 1162 3301 Τ

182 3430 208 3498 *)
226 3429 268 3482 Ex
286 3429 330 3483 his
350 3429 458 3484 laconis
477 3428 597 3498 aliisque
615 3428 705 3482 turbis
725 3430 754 3482 et
773 3427 911 3484 erroribus
926 3424 1119 3483 communibus

111 3499 253 3555 evidenter
267 3503 386 3570 apparet
400 3517 496 3556 omnes
512 3499 625 3556 omnino
646 3498 695 3568 qui
709 3501 807 3555 extant
825 3499 937 3553 codices
952 3496 1119 3554 Sidonianos

111 3571 457 3698 ggfeffiludngseegcsrglemque
480 3572 665 3642 archetypum
692 3587 810 3640 eumque
833 3587 889 3625 non
913 3571 954 3624 ita
976 3570 1119 3624 vetustum

922 3727 960 3780 a*
