2636 4032
176 184 217 248 88
526 183 635 237 urens
654 182 831 249 suenrus

175 336 265 395 miter
289 334 420 414 admitto,
447 340 480 394 ut
503 333 652 394 desiderio
675 351 741 394 meo
769 336 892 396 sinister
919 342 1041 396 eventus
1070 335 1198 418 officiat,

176 423 272 484 donec
296 422 330 482 ad
354 440 406 482 vos
433 429 535 482 nostro
565 440 701 483 sermone
729 426 883 502 perveniat
910 425 945 485 ad
974 443 1028 484 nos
1056 431 1197 487 restrum

176 530 236 572 non
259 513 431 610 pervenisse
456 529 630 572 sermonem.
677 510 779 573 valete.

635 773 723 840 XIII.

378 913 545 970 SIDONIUS
565 913 697 968 VECTIO
716 914 784 970 SUO
804 914 983 970 SALUTEM.

150 1067 164 1108 e
245 1041 272 1106 1.
296 1045 398 1125 Nuper
412 1053 516 1124 rogatu
531 1044 699 1106 Germanici
718 1045 887 1125 spectabilis
906 1049 963 1106 viri
977 1046 1192 1109 Cantillensem

178 1133 334 1195 ecclesiam
366 1135 490 1213 inspexi.
542 1141 587 1194 est
614 1137 678 1214 ipse
711 1133 776 1195 loco
805 1137 930 1196 sitorum
958 1135 1043 1197 facile
1073 1139 1194 1216 primus

179 1225 288 1302 quique
312 1230 380 1303 post
402 1229 519 1302 tergum
542 1241 610 1283 cum
633 1226 691 1284 iam
713 1223 870 1284 duodecim
887 1224 981 1285 lustra
999 1228 1193 1307 transmittat,

179 1311 286 1372 cotidie
319 1318 418 1372 tamen
446 1311 549 1372 babitu
577 1312 716 1392 cultuque
750 1315 909 1393 conspicuo
937 1333 997 1374 non
1026 1313 1194 1376 iuvenescit

179 1400 276 1461 solum
299 1401 351 1462 sed
375 1401 588 1480 quodammodo
612 1404 804 1481 repuerascit.
851 1405 1000 1463 enimvero
1024 1406 1116 1465 vestis
1140 1404 1192 1464 ad-

139 1513 165 1553 1o
181 1491 292 1571 stricta,
314 1496 418 1550 tensus
442 1496 593 1570 coturnus
617 1493 708 1551 crinis
731 1493 763 1551 in
786 1499 867 1552 rotae
892 1494 1042 1571 specimen
1066 1495 1193 1574 accisuS,

178 1579 269 1640 barba
294 1582 372 1640 intra
394 1598 535 1658 rugarum
558 1578 685 1640 latebras
714 1582 822 1640 mersis
846 1580 881 1641 ad
906 1587 1004 1642 cutem
1028 1589 1108 1643 secta
1131 1582 1190 1642 for-

179 1669 304 1748 cipibus,
342 1665 371 1728 2.
396 1668 432 1728 ad
455 1669 511 1729 boc
535 1675 565 1728 et
582 1686 706 1729 munere
726 1686 855 1747 supemo
874 1669 1076 1731 membrorum
1096 1671 1190 1732 solida

179 1761 358 1839 coniunctio,
381 1759 497 1836 integer
515 1759 605 1838 visuS,
629 1756 743 1837 amplus
762 1758 904 1819 inceleri
923 1777 1042 1838 gressus
1062 1762 1193 1841 incessu,

179 1851 367 1927 incorruptae
400 1847 494 1908 lactea
521 1846 656 1907 dentium
688 1865 828 1926 compage
861 1850 1003 1927 gingivae.
1054 1867 1115 1910 non
1148 1848 1192 1910 illi

140 1959 165 2000 15
180 1937 349 1998 stomachus
368 1941 500 2016 nauseat,
521 1953 580 1995 non
598 1954 673 1996 vena
691 1935 866 2018 flammatur,
890 1956 950 1997 non
968 1956 1019 1998 cor
1038 1939 1193 2019 incutitur,

179 2045 239 2087 non
261 2024 362 2105 pulmo
387 2026 524 2104 suspuat,
550 2043 611 2085 non
633 2027 711 2103 riget
733 2024 866 2106 lumbus,
893 2044 953 2086 non
976 2028 1059 2087 iecur
1082 2034 1195 2108 turget,

179 2133 240 2176 non
262 2113 409 2174 mollescIt
436 2131 555 2193 manuS,
581 2131 641 2173 non
669 2116 753 2193 spina
781 2121 929 2196 curvatur,
958 2115 1009 2175 sed
1038 2116 1195 2195 praeditus

181 2205 306 2264 sanitate
330 2201 458 2262 iuvenali
482 2201 573 2262 solam
596 2201 654 2262 sibi
677 2203 806 2264 vindicat
824 2203 860 2264 de
881 2211 1033 2265 senectute
1051 2223 1194 2266 reveren-

179 2295 260 2353 tiam.
306 2289 335 2352 3.
358 2298 481 2369 propter
509 2308 582 2369 quae
606 2289 748 2352 beneficia
771 2291 933 2371 peculiaria
961 2292 1023 2373 dei,
1051 2296 1197 2373 quoniam

140 2406 166 2446 20
180 2380 263 2440 vobis
281 2381 347 2440 iura
366 2380 512 2440 amicitiae
531 2379 653 2458 grandia
671 2383 780 2463 vigent,
804 2383 912 2461 quippe
927 2383 1043 2463 vicinis
1066 2382 1197 2444 obsecro

181 2489 214 2530 ac
237 2487 352 2549 moneo,
374 2475 408 2528 ut
431 2467 554 2528 consilio
577 2473 638 2548 tuo,
662 2472 710 2530 cui
733 2469 884 2549 sequendo
905 2488 959 2549 per
978 2473 1197 2532 conscientiam

180 2576 315 2638 magnam
338 2558 497 2618 maximam
519 2555 626 2617 tribuis
650 2560 865 2639 auctoritatem,
890 2578 950 2620 non
972 2559 1098 2621 multum
1121 2560 1198 2622 fidat

180 2647 326 2726 ambiguis
344 2664 399 2707 nec
418 2647 507 2707 nimis
526 2648 634 2707 nimiae
654 2647 755 2708 credat
773 2647 977 2729 incolumitati,
1001 2648 1053 2709 sed
1071 2649 1197 2709 tandem

180 2737 365 2817 professione
398 2734 550 2814 religionis
583 2744 700 2815 arrepta
731 2736 844 2797 viribus
876 2739 976 2817 potius
1005 2740 1197 2817 resurgentis

141 2849 168 2890 25
182 2827 369 2886 innocentiae
399 2823 590 2905 convalescat,
622 2825 709 2885 faciat
737 2843 768 2886 se
801 2832 934 2887 vetustus
963 2828 1049 2887 annis
1076 2829 1197 2888 meritis

181 2933 298 2976 novum.
344 2912 374 2975 4.
398 2921 428 2974 et
451 2915 591 2993 quonlam
614 2932 700 2974 nemo
724 2914 817 2975 ferme
841 2922 895 2996 est,
919 2917 970 2995 qui
990 2914 1196 2995 plectibilibus

183 3012 281 3065 careat
303 3002 437 3084 occultis,
460 3005 524 3082 lpse
549 3002 716 3083 superbis,
739 3021 813 3082 quae
833 3003 908 3064 clam
927 3006 1084 3065 commissa
1103 3007 1197 3065 remi-

181 3095 317 3173 niscitur,
339 3091 435 3171 palam
459 3092 523 3152 fusa
543 3092 743 3152 satisfactione
764 3091 901 3153 solvatur.
942 3112 1011 3154 nam
1030 3093 1196 3154 sacerdotis

254 3341 269 3388 3
289 3335 352 3390 vale
371 3333 501 3401 LMOP,
520 3350 569 3388 om.
586 3333 617 3386 F
628 3335 668 3403 114
685 3335 769 3390 fusor.
788 3352 838 3390 om.
858 3335 885 3390 L
898 3338 907 3404 ΙΙ
927 3340 942 3388 7
960 3336 1126 3404 postergum
1146 3333 1196 3407 ΟΙΙ
1294 3379 1295 3392 ,

182 3410 198 3459 8
217 3405 317 3459 habitu
335 3406 431 3459 tamen
447 3404 470 3461 0
480 3409 490 3475 f
505 3412 536 3458 11
556 3403 710 3474 forcipibus
724 3405 792 3471 LV,
811 3405 966 3474 forpicibus
986 3409 1065 3474 (corr.
1085 3423 1119 3461 etc
1137 3405 1195 3460 for-

181 3474 1195 3618 figlpfppggiggggf„gffilssfss,lossiiggf‡gfiffl’,iffi·
