2636 4032
164 221 229 286 100
517 217 625 273 LIBER
644 216 818 284 QUARTUS.

158 371 282 449 scriptio
302 368 444 429 historica
462 367 581 428 videtur
600 366 702 428 ordine
717 385 733 426 a
747 375 850 426 nostro
864 365 989 426 multum
1005 365 1182 446 abhorrere,

159 460 245 519 cuius
268 457 417 518 inchoatio
441 455 560 536 invidia,
584 457 765 530 continuatio
789 453 881 535 labor,
904 455 972 515 linis
997 455 1181 516 estodium.

159 545 189 610 6.
227 546 279 608 sed
308 553 379 607 tunc
407 547 463 607 ista
490 546 682 625 proveniunt,
713 543 830 604 clericis
858 545 885 604 si
907 543 1019 623 aliquid
1047 544 1182 605 dictetur

160 634 344 716 auctoribus,
374 636 425 714 qui
448 632 611 696 colubrinis
636 633 849 694 oblatratorum
871 631 1033 693 molaribus
1057 633 1122 713 lixi,
1150 636 1182 694 si

133 724 232 804 aquid
265 723 440 804 simpliciter
472 723 608 804 edamus,
640 724 750 804 insani,
783 723 809 782 si
841 721 912 801 quid
944 729 1060 802 exacte,
1091 740 1182 801 prae-

161 815 318 894 sumptiosi
340 830 487 874 vocamur.
530 819 559 873 at
583 814 610 872 si
632 819 665 872 tu
689 813 763 892 ipse,
786 813 835 872 cui
859 811 959 871 datum
983 818 1029 871 est
1052 810 1181 872 saltibus

161 902 272 982 gloriae
299 908 453 982 proterere
481 919 570 980 posse
599 902 729 961 cervices
758 901 967 978 vituperonum
995 918 1049 960 seu
1072 918 1181 979 super-

161 1009 296 1073 currere,
327 993 466 1051 materiae
491 991 578 1051 istius
602 988 698 1049 libens
721 990 904 1069 provinciam
928 990 1067 1069 sortiare,
1090 1007 1181 1049 nemo

160 1088 189 1141 te
218 1080 328 1140 celsius
356 1081 524 1160 scripserit,
552 1096 638 1139 nemo
668 1084 697 1139 et
724 1079 888 1158 antiquiuS,
919 1079 1035 1139 etiamsi
1063 1076 1181 1157 placeat

122 1189 148 1229 ro
162 1170 295 1230 recentia
327 1167 424 1248 loqui,
458 1167 696 1246 quandoquidem
725 1185 895 1227 sermonum
925 1168 1009 1245 copia
1037 1166 1180 1245 impletus

162 1265 239 1339 ante,
256 1276 336 1318 nunc
355 1275 456 1318 rerum
472 1275 533 1317 non
547 1256 704 1336 reliquisti,
724 1274 777 1316 cur
791 1262 933 1316 venenato
949 1273 1050 1316 morsu
1066 1274 1179 1316 secere.

162 1354 249 1425 atque
273 1346 340 1406 ideo
363 1352 393 1406 te
416 1347 448 1406 in
466 1353 621 1425 posterum
639 1344 755 1406 consuli
773 1343 894 1426 utilitas,
918 1344 1014 1406 audiri
1032 1343 1178 1425 voluptas,

163 1435 222 1514 legi
245 1437 404 1496 auctoritas
428 1436 493 1495 erit.
530 1433 602 1496 vale.

611 1641 731 1708 XXIII.

352 1762 520 1820 SIDONIUS
538 1763 704 1820 PROUULO
724 1762 793 1818 SUO
812 1762 991 1818 SALUTEM.

125 1897 151 1938 15
233 1875 261 1942 1.
289 1877 383 1939 Filius
406 1886 490 1959 tum,
517 1881 608 1939 irnmo
632 1879 797 1938 communis
825 1877 861 1937 ad
884 1895 931 1938 me
955 1878 1100 1957 cucurrit,
1129 1879 1182 1956 qni

165 1976 194 2028 te
217 1967 321 2028 relicto
346 1967 506 2046 deliquisse
531 1985 563 2028 se
586 1973 708 2049 maeret,
732 1965 857 2027 obrutus
875 1965 1046 2046 paenitendi
1067 1965 1182 2044 pudore

165 2056 332 2135 transfugii.
360 2057 451 2134 igitur
465 2056 565 2117 audito
581 2055 684 2134 culpae
699 2063 803 2116 tenore
818 2056 950 2134 corripui
964 2054 1183 2116 latitabundum

165 2145 263 2205 verbis
287 2145 395 2205 amaris
422 2143 506 2205 vultu
527 2146 637 2206 minaci
660 2152 689 2204 et
711 2162 778 2204 mea
801 2144 921 2223 quidem
944 2161 1015 2204 voce
1040 2143 1092 2204 sed
1115 2145 1182 2204 rice

166 2241 217 2294 tua
247 2232 369 2312 dignum
397 2232 582 2294 abdicatione
609 2251 698 2294 cruce
727 2232 821 2293 culleo
855 2233 983 2294 clamans
1012 2234 1183 2311 ceterisque

126 2343 153 2382 ro
168 2321 322 2401 suppliciis
340 2321 575 2402 parricidalibus.
613 2322 649 2382 ad
668 2322 740 2382 haec
753 2320 804 2381 ille
819 2321 961 2382 confusus
976 2320 1119 2401 inrubuit,
1138 2321 1184 2382 nil

167 2409 332 2490 impudenti
355 2413 543 2472 excusatione
567 2411 743 2491 deprecatus
767 2428 915 2491 errorem,
938 2409 990 2470 sed
1014 2411 1050 2471 ad
1074 2417 1183 2470 cuncta

168 2500 334 2560 convictum
362 2519 429 2561 cum
456 2501 680 2580 redarguerem,
712 2500 907 2561 verecundiae
935 2501 1032 2560 iunxit
1057 2501 1183 2560 comites

167 2588 304 2649 lacrimas
331 2591 372 2649 ita
399 2589 529 2668 profluas
557 2588 745 2667 ubertimque
772 2595 938 2670 manantes,
966 2595 999 2649 ut
1024 2595 1184 2650 secuturae

168 2678 347 2738 correctioni
374 2678 462 2739 fidem
491 2678 624 2739 fecerint.
671 2675 699 2738 2.
723 2695 794 2756 rogo
823 2696 893 2757 ergo
923 2679 965 2738 sis
992 2676 1122 2738 clemens
1151 2678 1185 2738 in

129 2785 155 2826 25
170 2785 201 2827 se
226 2784 330 2827 severo
353 2774 383 2827 et
406 2767 495 2828 deum
518 2785 646 2846 sequens
666 2784 724 2826 non
747 2765 856 2826 babeas
878 2773 909 2827 te
927 2767 1026 2828 iudice
1045 2784 1130 2827 reum
1149 2784 1184 2826 se

168 2856 325 2934 profitente
349 2855 561 2936 damnabilem,
585 2873 673 2935 quem
697 2857 722 2916 si
741 2855 872 2916 inaudita
891 2874 1000 2935 genera
1017 2873 1184 2936 poenarum

169 2943 272 3006 iubeas
295 2946 466 3006 inexoratus
489 2946 635 3025 excipere,
657 2962 718 3004 non
740 2950 839 3023 potest
857 2943 982 3024 amplius
1005 2961 1060 3024 per
1082 2952 1112 3004 te
1131 2943 1185 3003 do-

169 3032 232 3094 lore
256 3051 344 3113 quam
366 3051 421 3113 per
445 3052 477 3094 se
500 3034 613 3112 pudore
636 3035 778 3111 torqueri.
820 3033 913 3094 libera
935 3040 1018 3094 metu
1041 3033 1182 3112 despera-

170 3124 283 3182 tionem
301 3140 394 3204 suam,
412 3121 505 3184 libera
520 3121 729 3184 confidentiam
741 3139 837 3182 meam
852 3130 890 3202 et,
909 3124 1028 3201 pietatis
1042 3128 1185 3200 paternae

131 3231 157 3270 ao
171 3213 379 3272 necessitatem
407 3211 532 3272 sibene
555 3213 750 3291 interpretor,
779 3218 808 3270 te
832 3229 950 3291 quoque
973 3209 1105 3291 absolve,
1133 3213 1187 3289 qui
1293 3263 1294 3266 ,

244 3371 259 3419 ⁷
272 3365 415 3435 proterere
429 3364 523 3418 LNT
533 3365 580 3432 V1,
594 3363 730 3433 preterire
744 3365 785 3419 orl
798 3361 951 3434 praeterire
963 3363 1001 3420 V*
1006 3364 1042 3417 M
1046 3363 1068 3418 0
1082 3365 1086 3426 1
1103 3379 1186 3432 posse

171 3452 221 3491 om.
243 3437 268 3490 T
279 3441 319 3508 18
338 3435 425 3505 ipsius
446 3435 470 3491 O
480 3438 519 3506 19
539 3437 568 3488 et
586 3436 621 3503 L,
639 3453 700 3504 erp.
715 3435 749 3490 N
751 3437 768 3501 ¹,
786 3435 1012 3504 omniorum
1030 3437 1112 3490 icccc
1132 3451 1184 3490 om.

172 3507 199 3560 L
212 3511 221 3576 11
239 3514 273 3561 27
293 3506 389 3562 dolore
409 3510 489 3575 (post
508 3523 524 3560 o
544 3507 575 3560 io
592 3523 647 3562 ros.
662 3506 723 3575 W)
730 3505 774 3575 M,
792 3505 886 3560 dolere
908 3505 930 3564 O
946 3509 955 3577 11
976 3511 1011 3559 30
1028 3505 1186 3562 necessita-

171 3585 229 3633 tem
247 3577 317 3647 ΕΝ,
336 3577 506 3631 necessitate
525 3577 563 3632 M
566 3576 618 3632 OT
630 3581 639 3647 11
