2628 4034
146 171 213 238 294
536 173 689 230 esunt-:x
705 175 766 232 ΥΠ.

233 321 379 384 detulerat
401 325 474 404 rim,
496 331 577 404 rota,
598 343 712 403 preces.
756 323 854 403 locus,
876 325 950 384 bora
972 326 1098 405 diesque

233 411 342 474 dicitur
363 415 490 492 imperio
512 412 597 493 felix,
619 431 654 473 ac
676 416 813 492 protinus
836 413 896 473 illic

163 511 214 563 575
232 499 376 562 nobilium
399 501 539 562 excubias
561 501 692 580 gaudeus
715 501 847 562 sollertia
868 503 996 562 mandat

277 589 377 650 Tertia
399 589 450 652 lux
474 591 587 668 refugis
608 589 778 669 Hyperiona
800 591 918 651 fuderat
940 595 1042 651 astris:

233 688 415 740 concurrunt
437 697 591 760 proceres,
614 698 648 739 ac
671 679 764 739 milite
787 681 968 741 circumluso

234 785 340 846 aggere
364 771 528 847 composito
551 775 684 828 statuunt
708 776 871 847 actorque
896 776 1039 829 coronant

232 857 378 917 castrensi
399 864 546 917 maestum
568 857 737 935 donantque
760 860 889 936 iusignia
912 861 1014 937 regui3

161 955 213 1007 580
232 963 300 1006 nam
322 947 406 1024 prius
429 945 568 1006 induerat
590 945 668 1006 solas
691 946 728 1006 de
751 948 887 1024 principe
910 964 1005 1006 curas.

231 1033 309 1094 haud
333 1033 389 1094 alio
413 1033 561 1114 quondam
584 1033 666 1096 vultu
689 1034 862 1113 Tirynthius
887 1034 977 1095 beros

230 1121 361 1202 pondera
385 1124 517 1202 suscepit
539 1123 614 1184 caeli
637 1123 726 1184 simul
748 1131 836 1202 atque
858 1141 1016 1203 novercae,

232 1229 300 1271 curn
323 1209 429 1290 Libyca
454 1229 486 1272 se
510 1230 583 1291 rupe
607 1210 695 1290 Gigas
719 1211 900 1272 subduceret
921 1219 952 1272 et
974 1231 1042 1272 cum

231 1301 323 1360 tutior
345 1297 491 1360 llerouleo
515 1300 641 1361 sedisset
664 1301 798 1361 machina
822 1301 919 1360 dorso.

161 1399 212 1450 585
275 1387 360 1448 Hunc
383 1387 453 1470 ubi,
476 1386 581 1470 Roma,
604 1388 686 1470 dedi,
708 1388 817 1467 patulis
836 1389 907 1449 dum
926 1386 1019 1449 Gallia
1041 1392 1158 1468 campis

232 1479 345 1538 intonat
367 1478 530 1556 Augttstum
553 1478 659 1557 plausu
682 1479 870 1556 faustumque
893 1479 1040 1556 fragorem

230 1571 328 1646 portat
350 1568 381 1626 in
405 1584 584 1645 exsanguem
607 1566 716 1627 Boreas
740 1569 799 1627 iam
821 1566 927 1626 fortior
949 1566 1099 1626 Austrum.

231 1653 278 1716 hic
302 1653 357 1715 tibi
379 1657 518 1716 restituet
539 1654 652 1734 Libyen
674 1674 728 1734 per
750 1654 867 1716 vincula
891 1662 1007 1736 quarta,

232 1750 262 1804 et
286 1745 370 1804 euius
394 1743 488 1805 solum
513 1747 636 1806 amissas
659 1750 726 1823 post
750 1743 866 1805 saecula
889 1742 981 1805 multa

163 1843 213 1894 500
234 1831 398 1894 Pannonias
422 1835 569 1894 revocavit
592 1835 662 1913 iter,
685 1835 743 1893 iam
767 1832 889 1893 credere
908 1840 1078 1911 promptum
1097 1841 1156 1916 est,

230 1921 301 2001 quid
325 1921 412 1982 faciat
434 1920 528 1982 bellis,
575 1940 591 1980 o
616 1939 688 2000 quas
711 1921 767 1981 tibi
791 1939 878 2000 saepe
901 1919 1015 1999 iugabit

231 2011 352 2070 inflictis
376 2017 479 2088 gentes
502 2009 622 2091 aquilis,
646 2012 697 2088 qui
720 2011 846 2070 maxima
869 2012 954 2088 regni

230 2099 327 2159 omina
351 2100 481 2178 privatus
505 2099 592 2178 fugit,
616 2117 683 2158 cum
706 2098 782 2159 forte
805 2100 898 2159 vianti

230 2193 380 2248 excuteret
403 2205 528 2265 praepes
551 2186 701 2266 plebeium
724 2195 822 2248 motus
846 2184 998 2247 amictum!

159 2273 334 2338 5055555555
357 2281 489 2336 5555055
513 2275 600 2336 modo
624 2278 771 2356 principe,
794 2277 892 2355 prisca
916 2275 1040 2335 deorum

228 2362 319 2425 Roma
342 2381 462 2446 parens,
486 2364 584 2425 attolle
607 2383 697 2443 genas
721 2383 754 2425 ac
777 2372 865 2443 turpe
887 2370 1043 2424 veternum

228 2452 356 2533 depone:
380 2471 417 2514 en
439 2455 578 2532 princeps
601 2454 689 2514 faciet
712 2456 902 2514 iuvenescere
925 2454 1032 2533 maior,

229 2559 317 2622 quum
340 2543 426 2622 pueri
449 2542 545 2603 locere
570 2538 691 2602 senem'.
738 2543 826 2602 finem
849 2548 934 2620 pater
958 2558 1009 2600 ore

228 2631 275 2691 le
299 2630 432 2692 dederat:
455 2631 591 2710 plausere
614 2630 663 2691 dei
685 2631 880 2708 fremitusque
904 2632 1036 2690 cucurrit

159 2731 210 2782 000
230 2718 364 2780 50555550.
411 2719 480 2780 felix
503 2727 621 2800 tempus
644 2738 752 2780 nevere
777 2737 895 2780 sorores

228 2808 375 2890 imperiis,
398 2807 541 2888 Auguste,
560 2809 620 2868 tuis
643 2815 673 2868 et
697 2807 826 2868 consulis
851 2825 927 2868 auno

228 2895 304 2958 fulva
328 2896 504 2958 volubilibus
528 2898 677 2958 duxerunt
700 2895 815 2957 saecula
838 2898 951 2976 pensis.

141 3083 191 3212 M}
210 3083 314 3140 thisrui
330 3083 387 3168 QT,
406 3083 491 3140 lierni
508 3085 548 3155 1⁴⁷3
569 3083 674 3155 Ugerni
687 3084 824 3166 85505055.
838 3087 848 3154 l
862 3087 914 3138 550
932 3100 997 3166 uam
1015 3100 1077 3154 epo;
1095 3082 1156 3138 iam

141 3157 242 3282 ftle
255 3155 834 3352 llltttltfdlpusillulis}
846 3155 1157 3297 llflltlssflts

145 3297 267 3370 15511500
287 3297 380 3354 omnia
399 3298 514 3370 Moru
543 3297 605 3352 odit
622 3299 772 3354 Mommsen
785 3301 794 3367 l
808 3302 858 3352 597
879 3299 908 3351 55
926 3298 963 3350 Μ
972 3300 983 3364 fl
