2660 4030
164 159 228 223 162
295 151 317 198 ⁰
513 157 622 213 LIBER
640 157 826 214 SEPTIMUS.

163 315 404 388 enumeraturum
431 325 491 368 non
513 309 656 369 tacuisset
677 307 810 387 triplices
833 307 1034 387 praefecturas
1058 315 1088 368 et
1103 309 1176 388 Sya-

126 439 129 446 -
162 399 227 476 grio
259 403 311 458 tuo
337 414 392 477 pro
423 399 534 458 totiens
564 399 684 457 mutatis
709 395 906 475 praeconibus
932 398 1090 476 praeconia
1112 415 1174 476 non

162 493 313 568 negasset3
335 492 450 566 patrem
472 484 541 546 inde
564 493 745 565 patruosque
768 487 889 545 minime
913 484 1044 546 silendos
1066 504 1174 565 percu-

163 576 315 636 currisset.
361 572 390 636 2.
423 581 453 635 et
484 573 646 654 quamlibet
671 580 774 652 posset
799 573 1028 652 triumphalibus
1056 574 1175 636 adoreis

134 663 290 724 afamiliac
321 669 389 724 tuae
422 662 589 744 defetigari,
620 681 680 723 non
711 669 811 724 tamen
839 669 961 723 eatenus
990 662 1175 742 explicandis

162 755 352 832 antiquorum
384 750 588 813 stemmatibus
612 753 828 832 exinaniretur,
850 758 884 813 ut
907 751 944 811 oh
966 751 1022 812 hoc
1045 751 1081 812 ad
1105 769 1171 812 nar-

161 841 283 902 randam
310 841 434 920 gloriam
465 848 546 902 tuam
578 841 664 902 fieret
694 839 841 922 obtusior,
865 842 930 921 qui,
962 842 988 900 si
1020 842 1109 901 etiam
1139 843 1173 901 in

161 929 327 998 scribendis
359 931 506 990 maiorum
537 937 656 991 tuomm
688 929 848 990 virtutibus
876 929 981 990 fuisset
1007 927 1175 1012 hebetatus,

160 1021 221 1080 tuis
248 1019 345 1080 denuo
373 1020 489 1080 meritis
521 1021 765 1080 cacuminaretur.
802 1018 855 1078 sed
888 1018 1094 1079 salutationem
1116 1017 1172 1079 tibi

121 1131 147 1170 1o
160 1107 309 1189 publicam
342 1107 543 1168 destinaturus
574 1125 635 1169 non
667 1107 739 1186 quid
771 1107 892 1187 luisses,
915 1107 968 1168 sed
997 1105 1069 1186 quid
1091 1124 1172 1168 nunc

159 1199 258 1277 potius
290 1215 373 1258 esses
410 1196 614 1258 consideravit
667 1195 696 1259 3.
737 1197 939 1275 praetermisit
974 1193 1083 1256 Gallias
1115 1195 1173 1257 tibi

159 1286 379 1346 administratas
401 1292 486 1365 tunc,
509 1303 578 1346 cum
599 1303 736 1346 maxume
760 1284 924 1345 incolumes
947 1291 1039 1346 erant.
1084 1302 1173 1364 prac-

159 1376 288 1435 termisit
324 1372 443 1435 Attilam
473 1373 571 1435 Rheni
606 1375 736 1455 hostem,
772 1373 1000 1434 'lhorismodum
1035 1372 1171 1434 Rhodani

159 1463 315 1544 hospitem,
333 1463 450 1524 hedum
468 1462 583 1541 Ligeris
606 1462 794 1525 liberatorem
814 1461 875 1523 sola
893 1469 923 1522 te
943 1462 1173 1542 dispositionum

120 1573 146 1614 15
160 1551 332 1613 salubritate
364 1551 520 1632 tolerasse,
552 1559 733 1632 propterque
756 1551 946 1631 prudentiam
966 1558 1077 1611 tantam
1099 1569 1168 1630 pro·

158 1641 377 1721 ridentiumque
410 1659 530 1702 currum
561 1648 646 1701 tuam
678 1640 874 1720 provinciales
911 1658 979 1702 cum
1010 1639 1168 1718 plausuum
1248 1669 1251 1676 v

160 1732 286 1792 maximo
316 1736 440 1791 accentu
471 1732 641 1809 spontaneis
673 1729 788 1790 subisse
818 1728 997 1809 cervicibus,
1029 1730 1098 1807 quia
1126 1730 1172 1789 sic

158 1819 287 1880 habenas
320 1818 479 1880 Galliarum
511 1818 713 1900 moderarcre,
749 1825 783 1878 ut
818 1836 974 1897 possessor
1010 1817 1170 1878 exhaustus

158 1908 315 1969 tributario
352 1911 421 1987 iugo
451 1907 640 1968 relevaretur.
681 1909 881 1986 praetermisit
912 1924 1014 1986 regem
1046 1905 1170 1966 Gothiae

118 2020 144 2059 ao
159 1998 376 2058 ferocissimum
406 1996 549 2057 inflexum
585 1997 674 2056 affatu
709 2003 760 2056 tuo
792 1995 897 2056 melleo
930 1997 1024 2076 gravi,
1065 2002 1172 2073 arguto

158 2088 298 2147 inusitato
331 2093 361 2146 et
392 2085 428 2146 ab
459 2084 675 2146 Arelatensium
715 2087 810 2164 portis
848 2102 937 2164 quem
971 2084 1074 2145 Aetius
1107 2101 1168 2144 uon

157 2176 304 2253 potuisset
325 2173 453 2256 proelio,
485 2180 514 2234 te
546 2172 670 2252 prandio
700 2176 870 2235 removisse.
916 2171 946 2234 4.
976 2174 1170 2234 haecomnia

158 2265 371 2344 praetermisit,
400 2281 523 2342 sperans
547 2265 758 2341 congruentius
785 2270 871 2324 tuum
894 2261 971 2323 salve
995 2262 1169 2341 pontificum

159 2369 246 2430 quam
266 2358 434 2412 senatorum
453 2353 511 2412 iam
530 2351 699 2412 nominibus
718 2352 851 2432 adiungi,
871 2353 1044 2430 censuitque
1060 2352 1170 2411 iustius

118 2459 145 2499 as
159 2442 238 2521 fieri,
271 2442 297 2500 si
328 2443 408 2501 inter
436 2441 584 2519 perfectos
607 2441 719 2502 Christi
742 2458 829 2520 quam
853 2441 879 2500 si
902 2443 980 2500 inter
1002 2440 1167 2518 praefectos

158 2528 354 2590 Valentiniani
385 2532 609 2590 constituerere.
655 2548 751 2609 neque
783 2536 813 2590 te
842 2527 1045 2589 sacerdotibus
1068 2531 1170 2607 potius

159 2618 321 2679 admixtum
351 2621 423 2678 vitio
455 2625 549 2678 vertat
580 2618 726 2696 malignus
756 2620 920 2697 interpres3
951 2635 1019 2677 nam
1048 2616 1171 2695 grandis

159 2708 296 2768 ordinum
319 2709 484 2786 ignorantia
514 2715 597 2768 tenet
625 2708 694 2767 hinc
718 2706 828 2786 aliquid
852 2706 1058 2787 derogaturos,
1090 2708 1169 2786 quia,

159 2799 260 2877 sicuti,
292 2814 361 2857 cum
392 2796 512 2876 epulum
544 2796 687 2856 festivitas
717 2795 834 2874 publica
858 2795 940 2876 facit,
963 2797 1046 2874 prior
1069 2797 1169 2854 estin

117 2903 144 2944 ao
158 2888 253 2965 prima
275 2903 378 2946 mensa
401 2888 521 2947 conviva
543 2893 711 2964 postremus
735 2887 775 2966 ei,
808 2887 860 2963 qui
886 2886 1000 2964 primus
1024 2885 1113 2944 fuerit
1136 2886 1168 2944 in

159 2975 300 3056 secunda,
330 2977 373 3036 sic
405 2974 516 3054 absque
545 2974 761 3035 conflictatione
784 2976 982 3053 praestantior
1005 2972 1168 3033 secundum

229 3239 245 3288 3
264 3234 483 3304 percucurrisset
505 3233 571 3288 ΒΝ
574 3234 610 3303 Τ,
634 3232 818 3304 percurrisset
836 3233 874 3288 M
878 3232 901 3288 O
924 3234 933 3301 l
961 3237 976 3285 6
995 3232 1039 3303 ut]
1059 3233 1088 3285 et
1106 3230 1133 3285 L
1159 3231 1171 3304 ll

158 3309 174 3358 9
194 3304 416 3359 cacuminaretur
434 3306 460 3359 L
478 3311 504 3360 et
523 3311 576 3375 (pr.
595 3322 610 3359 c
629 3322 696 3360 orca.
711 3304 813 3373 Nun,
836 3303 1044 3358 acuminaretur
1062 3302 1100 3357 M
1103 3302 1168 3366 0T‚·

157 3377 191 3443 cf.
203 3394 223 3430 c.
240 3377 308 3444 VII,
317 3379 371 3431 412
386 3392 507 3445 saxoque
522 3376 680 3430 cacuminat
694 3392 801 3442 ensem;
817 3375 937 3443 XXIII,
945 3378 1002 3430 295
1015 3377 1025 3440 ll
1039 3378 1073 3427 20
1088 3374 1169 3443 gravi

158 3463 208 3501 om.
229 3447 275 3515 ΤΙΙ
289 3453 321 3500 21
341 3448 371 3500 et
388 3463 456 3501 eros.
470 3448 527 3515 111¹,
545 3465 594 3502 om.
611 3448 650 3515 P;
668 3449 702 3514 cf.
723 3464 744 3502 c.
759 3447 815 3516 IX,
829 3452 940 3518 aosqq.‚·
957 3447 994 3501 ab.
1008 3449 1079 3514 20&
1099 3445 1169 3514 XV,

158 3519 282 3585 1731125
301 3517 471 3588 praefectos]
489 3517 628 3587 perfectos
649 3518 701 3573 OT
712 3521 721 3588 11
