<?xml version="1.0" encoding="UTF-8"?>
<!DOCTYPE html PUBLIC "-//W3C//DTD XHTML 1.0 Transitional//EN"
    "http://www.w3.org/TR/xhtml1/DTD/xhtml1-transitional.dtd">
<html xmlns="http://www.w3.org/1999/xhtml" xml:lang="en" lang="en">
 <head>
  <title>
</title>
<meta http-equiv="Content-Type" content="text/html;charset=utf-8" />
  <meta name='ocr-system' content='tesseract 3.04.00' />
  <meta name='ocr-capabilities' content='ocr_page ocr_carea ocr_par ocr_line ocrx_word'/>
</head>
<body>
  <div class='ocr_page' id='page_1' title='image "./csolliusapollin01apolgoog_0261.png"; bbox 0 0 2610 4056; ppageno 0'>
   <div class='ocr_carea' id='block_1_1' title="bbox 204 189 840 256">
    <p class='ocr_par' dir='ltr' id='par_1_1' title="bbox 204 189 840 256">
     <span class='ocr_line' id='line_1_1' title="bbox 204 189 840 256; baseline -0.011 1"><span class='ocrx_word' id='word_1_1' title='bbox 204 189 271 256; x_wconf 79' lang='lat'><strong>206</strong></span> <span class='ocrx_word' id='word_1_2' title='bbox 580 191 690 248; x_wconf 77' lang='lat' dir='ltr'>HBER</span> <span class='ocrx_word' id='word_1_3' title='bbox 706 191 840 250; x_wconf 70' lang='lat' dir='ltr'><strong>230th</strong></span> 
     </span>
    </p>
   </div>
   <div class='ocr_carea' id='block_1_2' title="bbox 158 341 1281 2911">
    <p class='ocr_par' dir='ltr' id='par_1_2' title="bbox 158 341 1281 2911">
     <span class='ocr_line' id='line_1_2' title="bbox 204 341 1236 423; baseline 0 -21"><span class='ocrx_word' id='word_1_4' title='bbox 204 341 370 421; x_wconf 77' lang='lat' dir='ltr'><strong>dispendiis</strong></span> <span class='ocrx_word' id='word_1_5' title='bbox 388 343 489 401; x_wconf 77' lang='lat' dir='ltr'><strong>sancia</strong></span> <span class='ocrx_word' id='word_1_6' title='bbox 507 343 597 422; x_wconf 62' lang='lat' dir='ltr'><strong>inec</strong></span> <span class='ocrx_word' id='word_1_7' title='bbox 618 360 689 402; x_wconf 77' lang='lat' dir='ltr'><strong>nm</strong></span> <span class='ocrx_word' id='word_1_8' title='bbox 705 359 762 420; x_wconf 86' lang='lat' dir='ltr'><strong>per</strong></span> <span class='ocrx_word' id='word_1_9' title='bbox 779 342 872 402; x_wconf 83' lang='lat' dir='ltr'><strong>offitii</strong></span> <span class='ocrx_word' id='word_1_10' title='bbox 889 344 1050 420; x_wconf 72' lang='lat' dir='ltr'><strong>imagin</strong></span> <span class='ocrx_word' id='word_1_11' title='bbox 1066 342 1125 421; x_wconf 72' lang='lat' dir='ltr'><strong>rel,</strong></span> <span class='ocrx_word' id='word_1_12' title='bbox 1140 345 1236 423; x_wconf 78' lang='lat' dir='ltr'><strong>quod</strong></span> 
     </span>
     <span class='ocr_line' id='line_1_3' title="bbox 204 430 1234 511; baseline 0.002 -20"><span class='ocrx_word' id='word_1_13' title='bbox 204 437 252 491; x_wconf 89' lang='lat' dir='ltr'><strong>est</strong></span> <span class='ocrx_word' id='word_1_14' title='bbox 272 432 383 510; x_wconf 78' lang='lat' dir='ltr'><strong>verius,</strong></span> <span class='ocrx_word' id='word_1_15' title='bbox 404 432 613 491; x_wconf 64' lang='lat' dir='ltr'><strong>nccesshaem</strong></span> <span class='ocrx_word' id='word_1_16' title='bbox 635 430 699 490; x_wconf 89' lang='lat' dir='ltr'><strong>solo</strong></span> <span class='ocrx_word' id='word_1_17' title='bbox 720 433 818 510; x_wconf 82' lang='lat' dir='ltr'><strong>patrio</strong></span> <span class='ocrx_word' id='word_1_18' title='bbox 840 439 972 510; x_wconf 70' lang='lat' dir='ltr'><strong>uranus,</strong></span> <span class='ocrx_word' id='word_1_19' title='bbox 992 431 1049 492; x_wconf 85' lang='lat' dir='ltr'><strong>hoc</strong></span> <span class='ocrx_word' id='word_1_20' title='bbox 1067 431 1234 511; x_wconf 64' lang='grc' dir='ltr'>ῐὼςιωε</span> 
     </span>
     <span class='ocr_line' id='line_1_4' title="bbox 203 519 1232 598; baseline 0 0"><span class='ocrx_word' id='word_1_21' title='bbox 203 521 294 580; x_wconf 58' lang='lat'><strong>&#39;2¹5⁵</strong></span> <span class='ocrx_word' id='word_1_22' title='bbox 326 519 1232 598; x_wconf 69' lang='lat' dir='ltr'><strong>quaqmvermoangoranguibus‚qunpamrme</strong></span> 
     </span>
     <span class='ocr_line' id='line_1_5' title="bbox 204 607 1231 688; baseline 0.003 -20"><span class='ocrx_word' id='word_1_23' title='bbox 204 607 389 668; x_wconf 85' lang='lat' dir='ltr'><strong>incommoda</strong></span> <span class='ocrx_word' id='word_1_24' title='bbox 411 611 573 688; x_wconf 86' lang='lat' dir='ltr'><strong>peregrini,</strong></span> <span class='ocrx_word' id='word_1_25' title='bbox 590 607 652 669; x_wconf 88' lang='lat' dir='ltr'><strong>illic</strong></span> <span class='ocrx_word' id='word_1_26' title='bbox 669 609 777 668; x_wconf 85' lang='lat' dir='ltr'><strong>damna</strong></span> <span class='ocrx_word' id='word_1_27' title='bbox 793 611 964 688; x_wconf 86' lang='lat' dir='ltr'><strong>proscripti.</strong></span> <span class='ocrx_word' id='word_1_28' title='bbox 999 611 1143 687; x_wconf 81' lang='lat' dir='ltr'><strong>quocirca</strong></span> <span class='ocrx_word' id='word_1_29' title='bbox 1163 611 1231 671; x_wconf 92' lang='lat' dir='ltr'><strong>sol-</strong></span> 
     </span>
     <span class='ocr_line' id='line_1_6' title="bbox 176 695 1231 778; baseline 0.003 -21"><span class='ocrx_word' id='word_1_30' title='bbox 176 715 272 758; x_wconf 75' lang='lat' dir='ltr'><strong>srere</strong></span> <span class='ocrx_word' id='word_1_31' title='bbox 290 696 379 757; x_wconf 87' lang='lat' dir='ltr'><strong>modo</strong></span> <span class='ocrx_word' id='word_1_32' title='bbox 397 695 512 757; x_wconf 86' lang='lat' dir='ltr'><strong>litteras</strong></span> <span class='ocrx_word' id='word_1_33' title='bbox 534 696 622 776; x_wconf 87' lang='lat' dir='ltr'><strong>paulo</strong></span> <span class='ocrx_word' id='word_1_34' title='bbox 644 697 800 776; x_wconf 78' lang='lat' dir='ltr'><strong>politiores</strong></span> <span class='ocrx_word' id='word_1_35' title='bbox 827 705 877 757; x_wconf 86' lang='lat' dir='ltr'><strong>ant</strong></span> <span class='ocrx_word' id='word_1_36' title='bbox 899 699 1107 776; x_wconf 75' lang='lat' dir='ltr'><strong>intempestiue</strong></span> <span class='ocrx_word' id='word_1_37' title='bbox 1128 707 1231 778; x_wconf 85' lang='lat' dir='ltr'><strong>petor</strong></span> 
     </span>
     <span class='ocr_line' id='line_1_7' title="bbox 203 785 1229 866; baseline 0.002 -20"><span class='ocrx_word' id='word_1_38' title='bbox 203 793 254 848; x_wconf 87' lang='lat' dir='ltr'><strong>aut</strong></span> <span class='ocrx_word' id='word_1_39' title='bbox 275 785 456 866; x_wconf 85' lang='lat' dir='ltr'><strong>inpudenter</strong></span> <span class='ocrx_word' id='word_1_40' title='bbox 477 786 647 866; x_wconf 80' lang='lat' dir='ltr'><strong>aggredior,</strong></span> <span class='ocrx_word' id='word_1_41' title='bbox 675 805 750 866; x_wconf 81' lang='lat' dir='ltr'><strong>quas</strong></span> <span class='ocrx_word' id='word_1_42' title='bbox 776 785 822 847; x_wconf 85' lang='lat' dir='ltr'><strong>rel</strong></span> <span class='ocrx_word' id='word_1_43' title='bbox 851 789 918 846; x_wconf 83' lang='lat' dir='ltr'><strong>ioco</strong></span> <span class='ocrx_word' id='word_1_44' title='bbox 940 785 1054 865; x_wconf 86' lang='lat' dir='ltr'><strong>lepidas</strong></span> <span class='ocrx_word' id='word_1_45' title='bbox 1075 785 1123 846; x_wconf 82' lang='lat' dir='ltr'><strong>rel</strong></span> <span class='ocrx_word' id='word_1_46' title='bbox 1148 788 1229 848; x_wconf 89' lang='lat' dir='ltr'><strong>stilo</strong></span> 
     </span>
     <span class='ocr_line' id='line_1_8' title="bbox 202 873 1228 954; baseline 0 -18"><span class='ocrx_word' id='word_1_47' title='bbox 202 873 297 936; x_wconf 81' lang='lat' dir='ltr'><strong>cultas</strong></span> <span class='ocrx_word' id='word_1_48' title='bbox 319 873 467 936; x_wconf 89' lang='lat' dir='ltr'><strong>alternare</strong></span> <span class='ocrx_word' id='word_1_49' title='bbox 490 874 622 936; x_wconf 92' lang='lat' dir='ltr'><strong>lelicium</strong></span> <span class='ocrx_word' id='word_1_50' title='bbox 640 883 695 935; x_wconf 77' lang='lat' dir='ltr'><strong>est</strong></span> <span class='ocrx_word' id='word_1_51' title='bbox 730 893 822 954; x_wconf 88' lang='lat' dir='ltr'><strong>porro</strong></span> <span class='ocrx_word' id='word_1_52' title='bbox 844 883 944 936; x_wconf 82' lang='lat' dir='ltr'><strong>autem</strong></span> <span class='ocrx_word' id='word_1_53' title='bbox 966 875 1087 954; x_wconf 81' lang='lat' dir='ltr'><strong>qnidam</strong></span> <span class='ocrx_word' id='word_1_54' title='bbox 1108 875 1228 936; x_wconf 85' lang='lat' dir='ltr'><strong>barba-</strong></span> 
     </span>
     <span class='ocr_line' id='line_1_9' title="bbox 202 964 1226 1026; baseline 0.001 -2"><span class='ocrx_word' id='word_1_55' title='bbox 202 965 312 1024; x_wconf 86' lang='lat' dir='ltr'><strong>rismus</strong></span> <span class='ocrx_word' id='word_1_56' title='bbox 343 971 391 1024; x_wconf 90' lang='lat' dir='ltr'><strong>est</strong></span> <span class='ocrx_word' id='word_1_57' title='bbox 421 981 538 1024; x_wconf 90' lang='lat' dir='ltr'><strong>morum</strong></span> <span class='ocrx_word' id='word_1_58' title='bbox 569 982 668 1024; x_wconf 88' lang='lat' dir='ltr'><strong>sermo</strong></span> <span class='ocrx_word' id='word_1_59' title='bbox 695 964 843 1024; x_wconf 88' lang='lat' dir='ltr'><strong>iucundus</strong></span> <span class='ocrx_word' id='word_1_60' title='bbox 874 971 905 1024; x_wconf 93' lang='lat' dir='ltr'><strong>et</strong></span> <span class='ocrx_word' id='word_1_61' title='bbox 931 966 1048 1024; x_wconf 91' lang='lat' dir='ltr'><strong>animus</strong></span> <span class='ocrx_word' id='word_1_62' title='bbox 1076 964 1226 1026; x_wconf 67' lang='lat' dir='ltr'><strong>amictus</strong></span> 
     </span>
     <span class='ocr_line' id='line_1_10' title="bbox 201 1051 1225 1132; baseline 0 -17"><span class='ocrx_word' id='word_1_63' title='bbox 201 1051 232 1115; x_wconf 71' lang='grc'>4</span> <span class='ocrx_word' id='word_1_64' title='bbox 265 1056 337 1132; x_wconf 84' lang='lat' dir='ltr'><strong>quin</strong></span> <span class='ocrx_word' id='word_1_65' title='bbox 365 1055 465 1132; x_wconf 88' lang='lat' dir='ltr'><strong>potius</strong></span> <span class='ocrx_word' id='word_1_66' title='bbox 492 1055 621 1112; x_wconf 90' lang='lat' dir='ltr'><strong>animam</strong></span> <span class='ocrx_word' id='word_1_67' title='bbox 641 1052 719 1113; x_wconf 89' lang='lat' dir='ltr'><strong>male</strong></span> <span class='ocrx_word' id='word_1_68' title='bbox 741 1052 801 1113; x_wconf 91' lang='lat' dir='ltr'><strong>sibi</strong></span> <span class='ocrx_word' id='word_1_69' title='bbox 823 1055 973 1113; x_wconf 77' lang='lat' dir='ltr'><strong>consciam</strong></span> <span class='ocrx_word' id='word_1_70' title='bbox 995 1061 1025 1112; x_wconf 88' lang='lat' dir='ltr'><strong>et</strong></span> <span class='ocrx_word' id='word_1_71' title='bbox 1047 1071 1103 1131; x_wconf 86' lang='lat' dir='ltr'><strong>per</strong></span> <span class='ocrx_word' id='word_1_72' title='bbox 1124 1053 1225 1115; x_wconf 88' lang='lat' dir='ltr'><strong>heras</strong></span> 
     </span>
     <span class='ocr_line' id='line_1_11' title="bbox 162 1141 1225 1220; baseline 0 -17"><span class='ocrx_word' id='word_1_73' title='bbox 162 1163 189 1204; x_wconf 78' lang='lat' dir='ltr'><strong>ro</strong></span> <span class='ocrx_word' id='word_1_74' title='bbox 201 1141 238 1202; x_wconf 93' lang='lat' dir='ltr'><strong>ad</strong></span> <span class='ocrx_word' id='word_1_75' title='bbox 267 1141 423 1203; x_wconf 81' lang='lat' dir='ltr'><strong>recordata</strong></span> <span class='ocrx_word' id='word_1_76' title='bbox 448 1141 584 1220; x_wconf 87' lang='lat' dir='ltr'><strong>poenalis</strong></span> <span class='ocrx_word' id='word_1_77' title='bbox 609 1144 687 1202; x_wconf 83' lang='lat' dir='ltr'><strong>vitae</strong></span> <span class='ocrx_word' id='word_1_78' title='bbox 714 1141 815 1202; x_wconf 85' lang='lat' dir='ltr'><strong>debita</strong></span> <span class='ocrx_word' id='word_1_79' title='bbox 845 1144 1124 1202; x_wconf 70' lang='lat' dir='ltr'><strong>contremiscentem</strong></span> <span class='ocrx_word' id='word_1_80' title='bbox 1158 1144 1225 1203; x_wconf 89' lang='lat' dir='ltr'><strong>lre-</strong></span> 
     </span>
     <span class='ocr_line' id='line_1_12' title="bbox 201 1230 1224 1311; baseline 0 -19"><span class='ocrx_word' id='word_1_81' title='bbox 201 1233 407 1311; x_wconf 87' lang='lat' dir='ltr'><strong>quentissimis</strong></span> <span class='ocrx_word' id='word_1_82' title='bbox 429 1233 490 1291; x_wconf 91' lang='lat' dir='ltr'><strong>tuis</strong></span> <span class='ocrx_word' id='word_1_83' title='bbox 512 1230 572 1291; x_wconf 87' lang='lat' dir='ltr'><strong>illis</strong></span> <span class='ocrx_word' id='word_1_84' title='bbox 590 1239 621 1290; x_wconf 91' lang='lat' dir='ltr'><strong>et</strong></span> <span class='ocrx_word' id='word_1_85' title='bbox 637 1231 849 1292; x_wconf 80' lang='lat' dir='ltr'><strong>valentissimis</strong></span> <span class='ocrx_word' id='word_1_86' title='bbox 871 1232 1038 1291; x_wconf 71' lang='lat' dir='ltr'><strong>ondonmn</strong></span> <span class='ocrx_word' id='word_1_87' title='bbox 1055 1249 1224 1292; x_wconf 82' lang='lat' dir='ltr'><strong>munerare</strong></span> 
     </span>
     <span class='ocr_line' id='line_1_13' title="bbox 202 1319 1223 1400; baseline -0.001 -18"><span class='ocrx_word' id='word_1_88' title='bbox 202 1319 882 1400; x_wconf 64' lang='lat' dir='ltr'><strong>sadregisprccumperitusinsulanarnm,</strong></span> <span class='ocrx_word' id='word_1_89' title='bbox 911 1319 1223 1398; x_wconf 79' lang='lat' dir='ltr'><strong>quasdepalaestra</strong></span> 
     </span>
     <span class='ocr_line' id='line_1_14' title="bbox 201 1407 1222 1489; baseline -0.001 -18"><span class='ocrx_word' id='word_1_90' title='bbox 201 1411 440 1489; x_wconf 88' lang='lat' dir='ltr'><strong>congregationis</strong></span> <span class='ocrx_word' id='word_1_91' title='bbox 462 1409 648 1469; x_wconf 81' lang='lat' dir='ltr'><strong>heremitidis</strong></span> <span class='ocrx_word' id='word_1_92' title='bbox 670 1419 701 1470; x_wconf 94' lang='lat' dir='ltr'><strong>et</strong></span> <span class='ocrx_word' id='word_1_93' title='bbox 719 1409 756 1470; x_wconf 91' lang='lat' dir='ltr'><strong>de</strong></span> <span class='ocrx_word' id='word_1_94' title='bbox 775 1417 880 1470; x_wconf 86' lang='lat' dir='ltr'><strong>senatu</strong></span> <span class='ocrx_word' id='word_1_95' title='bbox 897 1407 1100 1468; x_wconf 77' lang='lat' dir='ltr'><strong>Lirinensium</strong></span> <span class='ocrx_word' id='word_1_96' title='bbox 1121 1409 1222 1470; x_wconf 86' lang='lat' dir='ltr'><strong>celln-</strong></span> 
     </span>
     <span class='ocr_line' id='line_1_15' title="bbox 201 1497 1222 1579; baseline -0.002 -19"><span class='ocrx_word' id='word_1_97' title='bbox 201 1499 338 1560; x_wconf 90' lang='lat' dir='ltr'><strong>lanorum</strong></span> <span class='ocrx_word' id='word_1_98' title='bbox 360 1500 392 1558; x_wconf 95' lang='lat' dir='ltr'><strong>in</strong></span> <span class='ocrx_word' id='word_1_99' title='bbox 414 1497 520 1559; x_wconf 90' lang='lat' dir='ltr'><strong>urbem</strong></span> <span class='ocrx_word' id='word_1_100' title='bbox 543 1516 671 1579; x_wconf 81' lang='lat' dir='ltr'><strong>quoquc,</strong></span> <span class='ocrx_word' id='word_1_101' title='bbox 693 1501 780 1558; x_wconf 92' lang='lat' dir='ltr'><strong>cuius</strong></span> <span class='ocrx_word' id='word_1_102' title='bbox 802 1497 947 1559; x_wconf 90' lang='lat' dir='ltr'><strong>ecclesiae</strong></span> <span class='ocrx_word' id='word_1_103' title='bbox 970 1515 1053 1557; x_wconf 87' lang='lat' dir='ltr'><strong>sacra</strong></span> <span class='ocrx_word' id='word_1_104' title='bbox 1076 1501 1222 1577; x_wconf 89' lang='lat' dir='ltr'><strong>superin-</strong></span> 
     </span>
     <span class='ocr_line' id='line_1_16' title="bbox 162 1586 1223 1670; baseline 0 -24"><span class='ocrx_word' id='word_1_105' title='bbox 162 1605 188 1647; x_wconf 69' lang='grc' dir='ltr'><strong>ιε</strong></span> <span class='ocrx_word' id='word_1_106' title='bbox 202 1591 303 1670; x_wconf 89' lang='lat' dir='ltr'><strong>spicis,</strong></span> <span class='ocrx_word' id='word_1_107' title='bbox 325 1587 519 1668; x_wconf 83' lang='lat' dir='ltr'><strong>transtulisti,</strong></span> <span class='ocrx_word' id='word_1_108' title='bbox 536 1587 579 1647; x_wconf 94' lang='lat' dir='ltr'><strong>nil</strong></span> <span class='ocrx_word' id='word_1_109' title='bbox 602 1586 640 1647; x_wconf 91' lang='lat' dir='ltr'><strong>ab</strong></span> <span class='ocrx_word' id='word_1_110' title='bbox 662 1586 768 1648; x_wconf 79' lang='lat' dir='ltr'><strong>abbate</strong></span> <span class='ocrx_word' id='word_1_111' title='bbox 790 1595 921 1648; x_wconf 88' lang='lat' dir='ltr'><strong>mutatus</strong></span> <span class='ocrx_word' id='word_1_112' title='bbox 942 1603 997 1664; x_wconf 88' lang='lat' dir='ltr'><strong>per</strong></span> <span class='ocrx_word' id='word_1_113' title='bbox 1019 1587 1223 1668; x_wconf 73' lang='lat' dir='ltr'><strong>sacerdotem,</strong></span> 
     </span>
     <span class='ocr_line' id='line_1_17' title="bbox 200 1675 1220 1758; baseline 0.001 -21"><span class='ocrx_word' id='word_1_114' title='bbox 200 1680 310 1758; x_wconf 85' lang='lat' dir='ltr'><strong>qnippe</strong></span> <span class='ocrx_word' id='word_1_115' title='bbox 328 1695 397 1737; x_wconf 88' lang='lat' dir='ltr'><strong>cnm</strong></span> <span class='ocrx_word' id='word_1_116' title='bbox 419 1695 510 1737; x_wconf 85' lang='lat' dir='ltr'><strong>norae</strong></span> <span class='ocrx_word' id='word_1_117' title='bbox 533 1676 685 1754; x_wconf 76' lang='lat' dir='ltr'><strong>dignitatis</strong></span> <span class='ocrx_word' id='word_1_118' title='bbox 704 1675 828 1736; x_wconf 86' lang='lat' dir='ltr'><strong>obtentu</strong></span> <span class='ocrx_word' id='word_1_119' title='bbox 846 1679 976 1754; x_wconf 88' lang='lat' dir='ltr'><strong>rigorem</strong></span> <span class='ocrx_word' id='word_1_120' title='bbox 993 1677 1103 1735; x_wconf 86' lang='lat' dir='ltr'><strong>veteris</strong></span> <span class='ocrx_word' id='word_1_121' title='bbox 1122 1675 1220 1738; x_wconf 86' lang='lat' dir='ltr'><strong>disci-</strong></span> 
     </span>
     <span class='ocr_line' id='line_1_18' title="bbox 200 1763 1219 1848; baseline -0.002 -20"><span class='ocrx_word' id='word_1_122' title='bbox 200 1767 298 1848; x_wconf 90' lang='lat' dir='ltr'><strong>plinae</strong></span> <span class='ocrx_word' id='word_1_123' title='bbox 320 1769 381 1826; x_wconf 87' lang='lat' dir='ltr'><strong>non</strong></span> <span class='ocrx_word' id='word_1_124' title='bbox 402 1765 588 1826; x_wconf 84' lang='lat' dir='ltr'><strong>relaxaveris.</strong></span> <span class='ocrx_word' id='word_1_125' title='bbox 606 1765 655 1824; x_wconf 92' lang='lat' dir='ltr'><strong>his</strong></span> <span class='ocrx_word' id='word_1_126' title='bbox 668 1767 768 1845; x_wconf 89' lang='lat' dir='ltr'><strong>igitur,</strong></span> <span class='ocrx_word' id='word_1_127' title='bbox 785 1772 819 1825; x_wconf 94' lang='lat' dir='ltr'><strong>ut</strong></span> <span class='ocrx_word' id='word_1_128' title='bbox 838 1782 928 1844; x_wconf 87' lang='lat' dir='ltr'><strong>snpra</strong></span> <span class='ocrx_word' id='word_1_129' title='bbox 946 1763 1017 1844; x_wconf 79' lang='lat' dir='ltr'><strong>dixi,</strong></span> <span class='ocrx_word' id='word_1_130' title='bbox 1039 1763 1219 1842; x_wconf 81' lang='lat' dir='ltr'><strong>precatibus</strong></span> 
     </span>
     <span class='ocr_line' id='line_1_19' title="bbox 200 1852 1220 1934; baseline -0.002 -17"><span class='ocrx_word' id='word_1_131' title='bbox 200 1856 415 1917; x_wconf 82' lang='lat' dir='ltr'><strong>efficacissimis</strong></span> <span class='ocrx_word' id='word_1_132' title='bbox 444 1853 559 1934; x_wconf 86' lang='lat' dir='ltr'><strong>obtine,</strong></span> <span class='ocrx_word' id='word_1_133' title='bbox 585 1861 619 1914; x_wconf 93' lang='lat' dir='ltr'><strong>ut</strong></span> <span class='ocrx_word' id='word_1_134' title='bbox 645 1856 743 1932; x_wconf 87' lang='lat' dir='ltr'><strong>portio</strong></span> <span class='ocrx_word' id='word_1_135' title='bbox 771 1861 872 1914; x_wconf 89' lang='lat' dir='ltr'><strong>nostra</strong></span> <span class='ocrx_word' id='word_1_136' title='bbox 900 1852 1100 1914; x_wconf 92' lang='lat' dir='ltr'><strong>sitdominus</strong></span> <span class='ocrx_word' id='word_1_137' title='bbox 1123 1861 1220 1933; x_wconf 86' lang='lat' dir='ltr'><strong>atque</strong></span> 
     </span>
     <span class='ocr_line' id='line_1_20' title="bbox 199 1941 1281 2024; baseline -0.002 -18"><span class='ocrx_word' id='word_1_138' title='bbox 199 1953 234 2006; x_wconf 90' lang='lat' dir='ltr'><strong>ut</strong></span> <span class='ocrx_word' id='word_1_139' title='bbox 255 1946 377 2024; x_wconf 80' lang='lat' dir='ltr'><strong>ascripti</strong></span> <span class='ocrx_word' id='word_1_140' title='bbox 399 1946 507 2004; x_wconf 89' lang='lat' dir='ltr'><strong>turmis</strong></span> <span class='ocrx_word' id='word_1_141' title='bbox 525 1941 737 2003; x_wconf 82' lang='lat' dir='ltr'><strong>contribulium</strong></span> <span class='ocrx_word' id='word_1_142' title='bbox 750 1941 907 2004; x_wconf 81' lang='lat' dir='ltr'><strong>levitarum</strong></span> <span class='ocrx_word' id='word_1_143' title='bbox 925 1959 985 2002; x_wconf 91' lang='lat' dir='ltr'><strong>non</strong></span> <span class='ocrx_word' id='word_1_144' title='bbox 1003 1959 1217 2004; x_wconf 84' lang='lat' dir='ltr'><strong>remaneamus</strong></span> <span class='ocrx_word' id='word_1_145' title='bbox 1280 1947 1281 1960; x_wconf 63' lang='lat'>¹</span> 
     </span>
     <span class='ocr_line' id='line_1_21' title="bbox 159 2030 1217 2114; baseline -0.003 -19"><span class='ocrx_word' id='word_1_146' title='bbox 159 2053 185 2094; x_wconf 82' lang='lat' dir='ltr'><strong>so</strong></span> <span class='ocrx_word' id='word_1_147' title='bbox 198 2035 324 2114; x_wconf 79' lang='lat' dir='ltr'><strong>terrem,</strong></span> <span class='ocrx_word' id='word_1_148' title='bbox 357 2031 465 2112; x_wconf 87' lang='lat' dir='ltr'><strong>quibus</strong></span> <span class='ocrx_word' id='word_1_149' title='bbox 495 2039 575 2092; x_wconf 88' lang='lat' dir='ltr'><strong>terra</strong></span> <span class='ocrx_word' id='word_1_150' title='bbox 607 2049 668 2092; x_wconf 93' lang='lat' dir='ltr'><strong>non</strong></span> <span class='ocrx_word' id='word_1_151' title='bbox 699 2039 845 2112; x_wconf 87' lang='lat' dir='ltr'><strong>remanet,</strong></span> <span class='ocrx_word' id='word_1_152' title='bbox 876 2030 1109 2110; x_wconf 86' lang='lat' dir='ltr'><strong>inchoemusque</strong></span> <span class='ocrx_word' id='word_1_153' title='bbox 1137 2039 1217 2092; x_wconf 90' lang='lat' dir='ltr'><strong>uta</strong></span> 
     </span>
     <span class='ocr_line' id='line_1_22' title="bbox 200 2116 1217 2200; baseline -0.002 -17"><span class='ocrx_word' id='word_1_154' title='bbox 200 2121 311 2184; x_wconf 89' lang='lat' dir='ltr'><strong>saeculi</strong></span> <span class='ocrx_word' id='word_1_155' title='bbox 333 2121 434 2200; x_wconf 87' lang='lat' dir='ltr'><strong>lucris,</strong></span> <span class='ocrx_word' id='word_1_156' title='bbox 458 2123 501 2180; x_wconf 88' lang='lat' dir='ltr'><strong>sic</strong></span> <span class='ocrx_word' id='word_1_157' title='bbox 525 2138 643 2199; x_wconf 88' lang='lat' dir='ltr'><strong>qnoque</strong></span> <span class='ocrx_word' id='word_1_158' title='bbox 665 2139 682 2180; x_wconf 90' lang='lat' dir='ltr'><strong>a</strong></span> <span class='ocrx_word' id='word_1_159' title='bbox 705 2120 800 2200; x_wconf 90' lang='lat' dir='ltr'><strong>culpis</strong></span> <span class='ocrx_word' id='word_1_160' title='bbox 823 2121 1015 2199; x_wconf 87' lang='lat' dir='ltr'><strong>peregrinari.</strong></span> <span class='ocrx_word' id='word_1_161' title='bbox 1061 2116 1091 2181; x_wconf 88' lang='lat'><strong>5.</strong></span> <span class='ocrx_word' id='word_1_162' title='bbox 1121 2125 1217 2181; x_wconf 89' lang='lat' dir='ltr'><strong>tertia</strong></span> 
     </span>
     <span class='ocr_line' id='line_1_23' title="bbox 199 2207 1215 2290; baseline -0.001 -18"><span class='ocrx_word' id='word_1_163' title='bbox 199 2219 246 2272; x_wconf 87' lang='lat' dir='ltr'><strong>est</strong></span> <span class='ocrx_word' id='word_1_164' title='bbox 268 2229 356 2272; x_wconf 88' lang='lat' dir='ltr'><strong>causa</strong></span> <span class='ocrx_word' id='word_1_165' title='bbox 379 2208 426 2270; x_wconf 85' lang='lat' dir='ltr'><strong>rel</strong></span> <span class='ocrx_word' id='word_1_166' title='bbox 448 2227 597 2290; x_wconf 83' lang='lat' dir='ltr'><strong>maxuma,</strong></span> <span class='ocrx_word' id='word_1_167' title='bbox 626 2209 733 2270; x_wconf 80' lang='lat' dir='ltr'><strong>exinde</strong></span> <span class='ocrx_word' id='word_1_168' title='bbox 757 2208 888 2270; x_wconf 86' lang='lat' dir='ltr'><strong>scribere</strong></span> <span class='ocrx_word' id='word_1_169' title='bbox 910 2207 967 2270; x_wconf 92' lang='lat' dir='ltr'><strong>tihi</strong></span> <span class='ocrx_word' id='word_1_170' title='bbox 994 2227 1048 2269; x_wconf 90' lang='lat' dir='ltr'><strong>cnr</strong></span> <span class='ocrx_word' id='word_1_171' title='bbox 1070 2227 1215 2286; x_wconf 73' lang='lat' dir='ltr'><strong>superse</strong></span> 
     </span>
     <span class='ocr_line' id='line_1_24' title="bbox 199 2296 1216 2380; baseline -0.001 -20"><span class='ocrx_word' id='word_1_172' title='bbox 199 2300 303 2380; x_wconf 84' lang='lat' dir='ltr'><strong>derim,</strong></span> <span class='ocrx_word' id='word_1_173' title='bbox 326 2298 405 2378; x_wconf 90' lang='lat' dir='ltr'><strong>qnod</strong></span> <span class='ocrx_word' id='word_1_174' title='bbox 428 2300 556 2358; x_wconf 91' lang='lat' dir='ltr'><strong>immane</strong></span> <span class='ocrx_word' id='word_1_175' title='bbox 580 2300 711 2376; x_wconf 88' lang='lat' dir='ltr'><strong>suspicio</strong></span> <span class='ocrx_word' id='word_1_176' title='bbox 733 2298 864 2360; x_wconf 90' lang='lat' dir='ltr'><strong>dictandi</strong></span> <span class='ocrx_word' id='word_1_177' title='bbox 886 2297 965 2359; x_wconf 88' lang='lat' dir='ltr'><strong>istud</strong></span> <span class='ocrx_word' id='word_1_178' title='bbox 989 2300 1021 2358; x_wconf 91' lang='lat' dir='ltr'><strong>iu</strong></span> <span class='ocrx_word' id='word_1_179' title='bbox 1044 2296 1128 2357; x_wconf 87' lang='lat' dir='ltr'><strong>robis</strong></span> <span class='ocrx_word' id='word_1_180' title='bbox 1150 2308 1216 2359; x_wconf 75' lang='lat' dir='ltr'><strong>tro</strong></span> 
     </span>
     <span class='ocr_line' id='line_1_25' title="bbox 198 2386 1215 2468; baseline 0 -20"><span class='ocrx_word' id='word_1_181' title='bbox 198 2387 366 2468; x_wconf 87' lang='lat' dir='ltr'><strong>pologicum</strong></span> <span class='ocrx_word' id='word_1_182' title='bbox 384 2405 478 2466; x_wconf 87' lang='lat' dir='ltr'><strong>genus</strong></span> <span class='ocrx_word' id='word_1_183' title='bbox 493 2407 526 2448; x_wconf 93' lang='lat' dir='ltr'><strong>ac</strong></span> <span class='ocrx_word' id='word_1_184' title='bbox 545 2389 703 2466; x_wconf 86' lang='lat' dir='ltr'><strong>figuratum</strong></span> <span class='ocrx_word' id='word_1_185' title='bbox 722 2387 890 2467; x_wconf 84' lang='lat' dir='ltr'><strong>limatisque</strong></span> <span class='ocrx_word' id='word_1_186' title='bbox 908 2386 1092 2467; x_wconf 80' lang='lat' dir='ltr'><strong>plurifariam</strong></span> <span class='ocrx_word' id='word_1_187' title='bbox 1109 2386 1215 2448; x_wconf 86' lang='lat' dir='ltr'><strong>verbis</strong></span> 
     </span>
     <span class='ocr_line' id='line_1_26' title="bbox 158 2476 1215 2559; baseline 0 -21"><span class='ocrx_word' id='word_1_188' title='bbox 158 2496 184 2538; x_wconf 78' lang='lat' dir='ltr'><strong>sc</strong></span> <span class='ocrx_word' id='word_1_189' title='bbox 199 2479 481 2559; x_wconf 87' lang='lat' dir='ltr'><strong>eminentissimum,</strong></span> <span class='ocrx_word' id='word_1_190' title='bbox 513 2477 591 2557; x_wconf 91' lang='lat' dir='ltr'><strong>quod</strong></span> <span class='ocrx_word' id='word_1_191' title='bbox 622 2484 722 2538; x_wconf 84' lang='lat' dir='ltr'><strong>vestra</strong></span> <span class='ocrx_word' id='word_1_192' title='bbox 749 2495 836 2556; x_wconf 88' lang='lat' dir='ltr'><strong>qnam</strong></span> <span class='ocrx_word' id='word_1_193' title='bbox 869 2477 1050 2555; x_wconf 89' lang='lat' dir='ltr'><strong>sumpsimus</strong></span> <span class='ocrx_word' id='word_1_194' title='bbox 1082 2476 1215 2554; x_wconf 88' lang='lat' dir='ltr'><strong>epistula</strong></span> 
     </span>
     <span class='ocr_line' id='line_1_27' title="bbox 198 2565 1213 2648; baseline -0.001 -21"><span class='ocrx_word' id='word_1_195' title='bbox 198 2566 342 2628; x_wconf 86' lang='lat' dir='ltr'><strong>ostendit:</strong></span> <span class='ocrx_word' id='word_1_196' title='bbox 374 2565 444 2627; x_wconf 90' lang='lat' dir='ltr'><strong>licet</strong></span> <span class='ocrx_word' id='word_1_197' title='bbox 466 2565 538 2627; x_wconf 91' lang='lat' dir='ltr'><strong>olim</strong></span> <span class='ocrx_word' id='word_1_198' title='bbox 559 2565 795 2646; x_wconf 84' lang='lat' dir='ltr'><strong>praedicationes</strong></span> <span class='ocrx_word' id='word_1_199' title='bbox 816 2573 896 2646; x_wconf 90' lang='lat' dir='ltr'><strong>tuas,</strong></span> <span class='ocrx_word' id='word_1_200' title='bbox 925 2583 1005 2626; x_wconf 86' lang='lat' dir='ltr'><strong>nnnc</strong></span> <span class='ocrx_word' id='word_1_201' title='bbox 1027 2566 1213 2648; x_wconf 80' lang='lat' dir='ltr'><strong>repentinaS,</strong></span> 
     </span>
     <span class='ocr_line' id='line_1_28' title="bbox 197 2653 1212 2737; baseline -0.001 -21"><span class='ocrx_word' id='word_1_202' title='bbox 197 2673 290 2737; x_wconf 88' lang='lat' dir='ltr'><strong>nnnc,</strong></span> <span class='ocrx_word' id='word_1_203' title='bbox 313 2657 388 2716; x_wconf 92' lang='lat' dir='ltr'><strong>ratio</strong></span> <span class='ocrx_word' id='word_1_204' title='bbox 412 2674 479 2717; x_wconf 88' lang='lat' dir='ltr'><strong>eum</strong></span> <span class='ocrx_word' id='word_1_205' title='bbox 506 2656 704 2736; x_wconf 88' lang='lat' dir='ltr'><strong>poposcisset,</strong></span> <span class='ocrx_word' id='word_1_206' title='bbox 740 2653 941 2735; x_wconf 88' lang='lat' dir='ltr'><strong>elucubratas,</strong></span> <span class='ocrx_word' id='word_1_207' title='bbox 971 2672 1079 2715; x_wconf 88' lang='lat' dir='ltr'><strong>raucus</strong></span> <span class='ocrx_word' id='word_1_208' title='bbox 1106 2653 1212 2732; x_wconf 89' lang='lat' dir='ltr'><strong>plosor</strong></span> 
     </span>
     <span class='ocr_line' id='line_1_29' title="bbox 197 2740 1211 2826; baseline -0.001 -20"><span class='ocrx_word' id='word_1_209' title='bbox 197 2743 356 2826; x_wconf 89' lang='lat' dir='ltr'><strong>audierim,</strong></span> <span class='ocrx_word' id='word_1_210' title='bbox 387 2751 459 2805; x_wconf 84' lang='lat' dir='ltr'><strong>tun&#39;c</strong></span> <span class='ocrx_word' id='word_1_211' title='bbox 485 2747 658 2824; x_wconf 86' lang='lat' dir='ltr'><strong>praecipue,</strong></span> <span class='ocrx_word' id='word_1_212' title='bbox 690 2762 758 2804; x_wconf 91' lang='lat' dir='ltr'><strong>oum</strong></span> <span class='ocrx_word' id='word_1_213' title='bbox 780 2746 812 2803; x_wconf 92' lang='lat' dir='ltr'><strong>in</strong></span> <span class='ocrx_word' id='word_1_214' title='bbox 834 2741 1041 2822; x_wconf 79' lang='lat' dir='ltr'><strong>Lugdunensis</strong></span> <span class='ocrx_word' id='word_1_215' title='bbox 1064 2740 1211 2805; x_wconf 87' lang='lat' dir='ltr'><strong>ecclcsiae</strong></span> 
     </span>
     <span class='ocr_line' id='line_1_30' title="bbox 197 2831 1211 2911; baseline -0.004 -16"><span class='ocrx_word' id='word_1_216' title='bbox 197 2833 347 2896; x_wconf 86' lang='lat' dir='ltr'><strong>dedicatae</strong></span> <span class='ocrx_word' id='word_1_217' title='bbox 371 2833 455 2894; x_wconf 87' lang='lat' dir='ltr'><strong>lestis</strong></span> <span class='ocrx_word' id='word_1_218' title='bbox 473 2831 735 2894; x_wconf 88' lang='lat' dir='ltr'><strong>hebdomadalibus</strong></span> <span class='ocrx_word' id='word_1_219' title='bbox 754 2831 933 2911; x_wconf 89' lang='lat' dir='ltr'><strong>collegarum</strong></span> <span class='ocrx_word' id='word_1_220' title='bbox 952 2838 1211 2892; x_wconf 88' lang='lat' dir='ltr'><strong>sacrosanctorum</strong></span> 
     </span>
    </p>
   </div>
   <div class='ocr_carea' id='block_1_3' title="bbox 194 2984 1209 3624">
    <p class='ocr_par' dir='ltr' id='par_1_3' title="bbox 194 2984 1209 3624">
     <span class='ocr_line' id='line_1_31' title="bbox 267 2984 1209 3054; baseline -0.001 -12"><span class='ocrx_word' id='word_1_221' title='bbox 267 2986 355 3042; x_wconf 75' lang='lat' dir='ltr'><strong>thou</strong></span> <span class='ocrx_word' id='word_1_222' title='bbox 374 2986 505 3053; x_wconf 76' lang='lat' dir='ltr'><strong>LNOT,</strong></span> <span class='ocrx_word' id='word_1_223' title='bbox 528 2985 575 3040; x_wconf 87' lang='lat' dir='ltr'><strong>hic</strong></span> <span class='ocrx_word' id='word_1_224' title='bbox 599 2990 680 3053; x_wconf 84' lang='lat' dir='ltr'><strong>(corr.</strong></span> <span class='ocrx_word' id='word_1_225' title='bbox 698 3002 733 3040; x_wconf 77' lang='lat' dir='ltr'><strong>ec</strong></span> <span class='ocrx_word' id='word_1_226' title='bbox 749 2984 804 3040; x_wconf 89' lang='lat' dir='ltr'><strong>hoc</strong></span> <span class='ocrx_word' id='word_1_227' title='bbox 823 2986 926 3053; x_wconf 85' lang='lat' dir='ltr'><em>M¹)M</em></span> <span class='ocrx_word' id='word_1_228' title='bbox 946 2989 950 3050; x_wconf 81' lang='grc' dir='ltr'>Ι</span> <span class='ocrx_word' id='word_1_229' title='bbox 975 2985 1117 3054; x_wconf 86' lang='lat' dir='ltr'><strong>relegatus</strong></span> <span class='ocrx_word' id='word_1_230' title='bbox 1136 2985 1162 3038; x_wconf 88' lang='lat' dir='ltr'><strong><em>L</em></strong></span> <span class='ocrx_word' id='word_1_231' title='bbox 1180 2993 1209 3041; x_wconf 85' lang='lat' dir='ltr'><strong>ct</strong></span> 
     </span>
     <span class='ocr_line' id='line_1_32' title="bbox 196 3054 1207 3127; baseline -0.002 -15"><span class='ocrx_word' id='word_1_232' title='bbox 196 3060 238 3126; x_wconf 84' lang='lat' dir='ltr'><strong>(us</strong></span> <span class='ocrx_word' id='word_1_233' title='bbox 253 3075 321 3114; x_wconf 83' lang='lat' dir='ltr'><strong>erus.</strong></span> <span class='ocrx_word' id='word_1_234' title='bbox 332 3058 366 3114; x_wconf 90' lang='lat' dir='ltr'><strong><em>N</em></strong></span> <span class='ocrx_word' id='word_1_235' title='bbox 367 3057 430 3126; x_wconf 84' lang='lat' dir='ltr'>¹)N‚</span> <span class='ocrx_word' id='word_1_236' title='bbox 448 3059 591 3127; x_wconf 84' lang='lat' dir='ltr'><strong>relegatur</strong></span> <span class='ocrx_word' id='word_1_237' title='bbox 603 3062 684 3122; x_wconf 78' lang='lat' dir='ltr'><strong>(corr.</strong></span> <span class='ocrx_word' id='word_1_238' title='bbox 698 3059 731 3111; x_wconf 82' lang='lat' dir='ltr'><strong>io</strong></span> <span class='ocrx_word' id='word_1_239' title='bbox 743 3056 854 3126; x_wconf 87' lang='lat' dir='ltr'><strong>relcgor</strong></span> <span class='ocrx_word' id='word_1_240' title='bbox 863 3057 921 3126; x_wconf 74' lang='lat' dir='ltr'><strong>M1)</strong></span> <span class='ocrx_word' id='word_1_241' title='bbox 928 3058 966 3111; x_wconf 87' lang='grc' dir='ltr'><strong>Μ</strong></span> <span class='ocrx_word' id='word_1_242' title='bbox 968 3057 1019 3112; x_wconf 79' lang='lat' dir='ltr'><strong>OT</strong></span> <span class='ocrx_word' id='word_1_243' title='bbox 1032 3059 1041 3127; x_wconf 73' lang='lat' dir='ltr'><strong>l</strong></span> <span class='ocrx_word' id='word_1_244' title='bbox 1055 3062 1071 3110; x_wconf 86' lang='lat'><strong>3</strong></span> <span class='ocrx_word' id='word_1_245' title='bbox 1089 3054 1207 3124; x_wconf 84' lang='lat' dir='ltr'><strong>frangor</strong></span> 
     </span>
     <span class='ocr_line' id='line_1_33' title="bbox 195 3125 1208 3200; baseline -0.002 -18"><span class='ocrx_word' id='word_1_246' title='bbox 195 3128 348 3200; x_wconf 80' lang='lat' dir='ltr'><strong>angoribus</strong></span> <span class='ocrx_word' id='word_1_247' title='bbox 371 3129 542 3196; x_wconf 79' lang='lat' dir='ltr'><strong>Womoereu,</strong></span> <span class='ocrx_word' id='word_1_248' title='bbox 560 3127 719 3198; x_wconf 83' lang='lat' dir='ltr'><strong>fragoribus</strong></span> <span class='ocrx_word' id='word_1_249' title='bbox 738 3129 814 3184; x_wconf 85' lang='lat' dir='ltr'><strong>codd.</strong></span> <span class='ocrx_word' id='word_1_250' title='bbox 839 3132 844 3196; x_wconf 78' lang='lat' dir='ltr'><strong>l</strong></span> <span class='ocrx_word' id='word_1_251' title='bbox 867 3127 1027 3196; x_wconf 84' lang='lat' dir='ltr'><strong>fragoribus</strong></span> <span class='ocrx_word' id='word_1_252' title='bbox 1046 3128 1108 3195; x_wconf 79' lang='lat' dir='ltr'><strong>(dcl.</strong></span> <span class='ocrx_word' id='word_1_253' title='bbox 1126 3125 1208 3196; x_wconf 80' lang='lat' dir='ltr'><strong>quia)</strong></span> 
     </span>
     <span class='ocr_line' id='line_1_34' title="bbox 195 3198 1208 3280; baseline -0.003 -25"><span class='ocrx_word' id='word_1_254' title='bbox 195 3201 360 3269; x_wconf 67' lang='lat' dir='ltr'><strong>Meretricem</strong></span> <span class='ocrx_word' id='word_1_255' title='bbox 379 3199 509 3255; x_wconf 81' lang='lat' dir='ltr'><strong>auferor</strong></span> <span class='ocrx_word' id='word_1_256' title='bbox 527 3199 697 3280; x_wconf 80' lang='lat' dir='ltr'><strong>angoribus?</strong></span> <span class='ocrx_word' id='word_1_257' title='bbox 713 3201 717 3270; x_wconf 81' lang='grc' dir='ltr'>Ι</span> <span class='ocrx_word' id='word_1_258' title='bbox 733 3198 828 3268; x_wconf 81' lang='lat' dir='ltr'><strong>patior</strong></span> <span class='ocrx_word' id='word_1_259' title='bbox 845 3198 892 3252; x_wconf 86' lang='lat' dir='ltr'><strong>hic</strong></span> <span class='ocrx_word' id='word_1_260' title='bbox 912 3204 992 3266; x_wconf 82' lang='lat' dir='ltr'><strong>(corr.</strong></span> <span class='ocrx_word' id='word_1_261' title='bbox 1011 3203 1044 3253; x_wconf 79' lang='lat' dir='ltr'><strong>at</strong></span> <span class='ocrx_word' id='word_1_262' title='bbox 1060 3217 1086 3253; x_wconf 84' lang='lat' dir='ltr'><strong>o.</strong></span> <span class='ocrx_word' id='word_1_263' title='bbox 1105 3215 1138 3252; x_wconf 76' lang='lat' dir='ltr'><strong>ee</strong></span> <span class='ocrx_word' id='word_1_264' title='bbox 1156 3215 1208 3266; x_wconf 81' lang='lat' dir='ltr'><strong>pa·</strong></span> 
     </span>
     <span class='ocr_line' id='line_1_35' title="bbox 195 3268 1208 3340; baseline -0.003 -14"><span class='ocrx_word' id='word_1_265' title='bbox 195 3269 277 3326; x_wconf 83' lang='lat' dir='ltr'><strong>iiorir</strong></span> <span class='ocrx_word' id='word_1_266' title='bbox 299 3271 333 3326; x_wconf 85' lang='lat' dir='ltr'><strong><em>N</em></strong></span> <span class='ocrx_word' id='word_1_267' title='bbox 335 3270 431 3338; x_wconf 85' lang='lat' dir='ltr'><em>¹)NM</em></span> <span class='ocrx_word' id='word_1_268' title='bbox 434 3270 493 3340; x_wconf 82' lang='lat' dir='ltr'><strong>OT,</strong></span> <span class='ocrx_word' id='word_1_269' title='bbox 519 3269 638 3340; x_wconf 78' lang='lat' dir='ltr'><strong>patioris</strong></span> <span class='ocrx_word' id='word_1_270' title='bbox 664 3270 703 3338; x_wconf 67' lang='grc' dir='ltr'><strong>λῖς</strong></span> <span class='ocrx_word' id='word_1_271' title='bbox 731 3287 769 3325; x_wconf 83' lang='lat' dir='ltr'><strong>on</strong></span> <span class='ocrx_word' id='word_1_272' title='bbox 793 3270 887 3339; x_wconf 85' lang='lat' dir='ltr'><strong>patior</strong></span> <span class='ocrx_word' id='word_1_273' title='bbox 911 3270 994 3324; x_wconf 80' lang='lat' dir='ltr'><strong>istic?</strong></span> <span class='ocrx_word' id='word_1_274' title='bbox 1021 3271 1030 3338; x_wconf 78' lang='lat' dir='ltr'><strong>ll</strong></span> <span class='ocrx_word' id='word_1_275' title='bbox 1057 3274 1074 3320; x_wconf 83' lang='lat'>4</span> <span class='ocrx_word' id='word_1_276' title='bbox 1097 3268 1208 3324; x_wconf 85' lang='lat' dir='ltr'><strong>solvero</strong></span> 
     </span>
     <span class='ocr_line' id='line_1_36' title="bbox 195 3339 1208 3414; baseline 0 -18"><span class='ocrx_word' id='word_1_277' title='bbox 195 3343 290 3414; x_wconf 89' lang='lat' dir='ltr'><strong>modo]</strong></span> <span class='ocrx_word' id='word_1_278' title='bbox 311 3341 481 3397; x_wconf 83' lang='lat' dir='ltr'><strong>solveremus</strong></span> <span class='ocrx_word' id='word_1_279' title='bbox 500 3344 573 3413; x_wconf 88' lang='lat' dir='ltr'><strong>(mus</strong></span> <span class='ocrx_word' id='word_1_280' title='bbox 592 3341 775 3411; x_wconf 72' lang='lat' dir='ltr'><strong>eras.0¹)01l</strong></span> <span class='ocrx_word' id='word_1_281' title='bbox 794 3346 829 3396; x_wconf 81' lang='lat'><strong>24</strong></span> <span class='ocrx_word' id='word_1_282' title='bbox 846 3357 935 3411; x_wconf 81' lang='lat' dir='ltr'><strong>genus</strong></span> <span class='ocrx_word' id='word_1_283' title='bbox 953 3357 1003 3396; x_wconf 87' lang='lat' dir='ltr'><strong>om.</strong></span> <span class='ocrx_word' id='word_1_284' title='bbox 1020 3339 1067 3407; x_wconf 73' lang='lat' dir='ltr'><strong>Ol</strong></span> <span class='ocrx_word' id='word_1_285' title='bbox 1086 3346 1120 3394; x_wconf 80' lang='lat'><strong>26</strong></span> <span class='ocrx_word' id='word_1_286' title='bbox 1137 3339 1208 3396; x_wconf 81' lang='lat' dir='ltr'><strong>licet</strong></span> 
     </span>
     <span class='ocr_line' id='line_1_37' title="bbox 196 3410 1209 3482; baseline 0 -16"><span class='ocrx_word' id='word_1_287' title='bbox 196 3412 264 3467; x_wconf 89' lang='lat' dir='ltr'><strong>olim</strong></span> <span class='ocrx_word' id='word_1_288' title='bbox 282 3413 470 3482; x_wconf 71' lang='lat' dir='ltr'><strong>Letetjobacm,</strong></span> <span class='ocrx_word' id='word_1_289' title='bbox 498 3415 588 3468; x_wconf 84' lang='lat' dir='ltr'><strong>laceto</strong></span> <span class='ocrx_word' id='word_1_290' title='bbox 610 3412 641 3466; x_wconf 88' lang='lat' dir='ltr'><strong>in</strong></span> <span class='ocrx_word' id='word_1_291' title='bbox 659 3412 698 3481; x_wconf 86' lang='lat' dir='ltr'><strong>L,</strong></span> <span class='ocrx_word' id='word_1_292' title='bbox 726 3412 802 3467; x_wconf 82' lang='lat' dir='ltr'><strong>lecet</strong></span> <span class='ocrx_word' id='word_1_293' title='bbox 825 3411 871 3467; x_wconf 88' lang='lat' dir='ltr'><strong>eni</strong></span> <span class='ocrx_word' id='word_1_294' title='bbox 896 3417 976 3479; x_wconf 75' lang='lat' dir='ltr'><strong>(corr.</strong></span> <span class='ocrx_word' id='word_1_295' title='bbox 995 3414 1027 3466; x_wconf 80' lang='lat' dir='ltr'><strong>iu</strong></span> <span class='ocrx_word' id='word_1_296' title='bbox 1044 3410 1112 3466; x_wconf 86' lang='lat' dir='ltr'><strong>licat</strong></span> <span class='ocrx_word' id='word_1_297' title='bbox 1131 3411 1209 3466; x_wconf 87' lang='lat' dir='ltr'><strong>enim</strong></span> 
     </span>
     <span class='ocr_line' id='line_1_38' title="bbox 195 3481 1205 3608; baseline 0 -70"><span class='ocrx_word' id='word_1_298' title='bbox 195 3484 294 3606; x_wconf 52' lang='lat' dir='ltr'><strong>ism,</strong></span> <span class='ocrx_word' id='word_1_299' title='bbox 308 3483 386 3608; x_wconf 59' lang='lat' dir='ltr'><strong>dicet</strong></span> <span class='ocrx_word' id='word_1_300' title='bbox 410 3484 485 3538; x_wconf 87' lang='lat' dir='ltr'><strong>enim</strong></span> <span class='ocrx_word' id='word_1_301' title='bbox 504 3485 602 3552; x_wconf 72' lang='lat' dir='ltr'><strong>Mor,</strong></span> <span class='ocrx_word' id='word_1_302' title='bbox 625 3483 695 3539; x_wconf 84' lang='lat' dir='ltr'><strong>licet</strong></span> <span class='ocrx_word' id='word_1_303' title='bbox 718 3482 805 3538; x_wconf 81' lang='lat' dir='ltr'><strong>etiem</strong></span> <span class='ocrx_word' id='word_1_304' title='bbox 823 3501 870 3554; x_wconf 75' lang='lat' dir='ltr'><strong>epo</strong></span> <span class='ocrx_word' id='word_1_305' title='bbox 892 3487 902 3552; x_wconf 88' lang='grc' dir='ltr'><strong>[Ι</strong></span> <span class='ocrx_word' id='word_1_306' title='bbox 925 3489 958 3538; x_wconf 75' lang='grc'><strong>27</strong></span> <span class='ocrx_word' id='word_1_307' title='bbox 977 3499 1041 3536; x_wconf 90' lang='lat' dir='ltr'><strong>cum</strong></span> <span class='ocrx_word' id='word_1_308' title='bbox 1062 3481 1139 3538; x_wconf 84' lang='lat' dir='ltr'><strong>racio</strong></span> <span class='ocrx_word' id='word_1_309' title='bbox 1160 3483 1183 3538; x_wconf 83' lang='lat'><em>0</em></span> <span class='ocrx_word' id='word_1_310' title='bbox 1202 3485 1205 3554; x_wconf 91' lang='grc' dir='ltr'>Ι</span> 
     </span>
     <span class='ocr_line' id='line_1_39' title="bbox 194 3557 357 3624; baseline -0.018 -16"><span class='ocrx_word' id='word_1_311' title='bbox 194 3571 290 3622; x_wconf 87' lang='lat' dir='ltr'><strong>pusor</strong></span> <span class='ocrx_word' id='word_1_312' title='bbox 348 3557 357 3624; x_wconf 76' lang='lat' dir='ltr'>ss</span> 
     </span>
    </p>
   </div>
   <div class='ocr_carea' id='block_1_4' title="bbox 0 0 1310 4056">
    <p class='ocr_par' dir='ltr' id='par_1_4' title="bbox 0 0 1310 4056">
     <span class='ocr_line' id='line_1_40' title="bbox 0 0 1310 4056; baseline 0 8"><span class='ocrx_word' id='word_1_313' title='bbox 0 0 1310 4056; x_wconf 95' lang='lat' dir='ltr'><strong> </strong></span> 
     </span>
    </p>
   </div>
  </div>
 </body>
</html>
