2636 4032
201 183 246 250 96
554 179 662 233 mann
680 178 860 243 quassus,

201 335 292 393 immo
324 332 394 409 equi
426 328 609 389 radiantibus
641 331 766 407 gemmis
799 331 899 389 onusti
929 329 1149 391 antecedebant
1178 333 1226 393 vel

200 424 291 482 etiam
314 416 581 499 subsequebantur,
604 436 672 478 cum
694 425 794 477 tamen
816 421 912 496 magis
935 419 993 479 boc
1015 419 1058 479 ibi
1077 419 1226 482 decorum

200 507 448 588 conspiciebatur,
471 505 550 586 quod
573 505 746 567 cursoribus
768 508 831 566 suis
851 509 914 566 sire
931 507 1108 587 pedisequis
1127 511 1225 588 pedes

200 608 231 660 et
249 601 314 677 ipse
332 596 449 656 medius
467 597 600 675 incessit,
617 595 771 655 flammeus
791 614 880 656 cocco
895 595 1004 657 rutilus
1018 615 1093 657 auro
1107 597 1227 660 lacteus

173 689 308 767 eserico,
328 694 392 746 tum
410 683 504 745 cultui
521 691 603 744 tanto
622 703 706 744 coma
723 682 833 744 rubore
852 690 921 745 cute
940 685 1090 748 concolor.
1125 684 1156 748 2.
1177 707 1227 749 re·

200 775 337 856 gulorum
360 782 459 835 autem
482 775 691 852 sociorumque
710 775 905 834 comitantum
927 774 1023 834 iorma
1047 782 1078 835 et
1096 778 1131 836 in
1149 796 1227 858 pace

199 862 358 944 terribilis3
386 880 513 942 quorum
540 861 632 942 pedes
659 864 750 941 primi
776 880 888 942 perone
917 871 1034 924 saetoso
1064 864 1144 926 talos
1173 867 1229 927 ad·
1296 813 1299 950 l

200 971 296 1033 usque
323 951 542 1033 vinciebantur3
572 969 668 1030 genua
694 969 783 1012 crura
810 969 958 1030 suraeque
985 954 1050 1013 sino
1074 957 1228 1037 tegmine3
1298 979 1299 1048 q

200 1049 319 1124 praeter
336 1041 393 1102 hoc
411 1043 503 1101 restis
525 1039 583 1100 alta
606 1042 709 1100 stricta
726 1040 889 1100 versicolor
907 1043 956 1100 rix
975 1045 1228 1122 appropinquans
1298 1049 1299 1104 l

162 1157 187 1196 ro
200 1129 364 1212 poplitibus
392 1133 517 1212 exertis3
544 1131 676 1190 manicae
701 1128 763 1188 sola
784 1128 976 1192 brachiorum
998 1133 1152 1212 principia
1175 1153 1229 1194 ve-

200 1221 309 1302 lantes3
336 1219 493 1279 viridantia
517 1237 586 1298 saga
609 1217 709 1278 limbis
732 1220 895 1296 marginata
916 1221 1069 1301 puniceis3
1096 1222 1228 1301 penduli
1297 1171 1299 1276 l

201 1329 237 1371 er
256 1325 360 1369 umero
379 1306 469 1386 gladii
486 1307 593 1368 balteis
613 1306 895 1386 supercurrentibus
917 1309 1103 1369 strinxerant
1122 1310 1229 1372 clausa

201 1395 321 1459 bullatis
344 1395 436 1457 latera
460 1396 652 1457 rhenonibus.
698 1394 727 1458 3.
752 1414 788 1456 eo
811 1414 869 1475 quo
893 1395 1089 1459 comebantur
1114 1409 1228 1462 ornatu

201 1485 425 1566 muniebantur3
466 1484 576 1546 lanceis
615 1487 733 1546 uncatis
769 1484 984 1564 securibusque
1020 1487 1227 1550 missibilibus

161 1599 187 1639 ra
202 1576 322 1638 dextrae
359 1573 486 1636 refertae
523 1575 627 1655 clipeis
664 1573 777 1636 laevam
812 1581 928 1653 partem
962 1574 1227 1660 adumbrantibus7

201 1681 329 1746 quorum
352 1661 402 1724 lux
426 1665 457 1724 in
481 1662 603 1724 orbibus
622 1665 717 1745 nivea,
740 1662 818 1725 fulva
839 1666 871 1724 iu
888 1662 1070 1724 umbonibus
1089 1667 1134 1726 ita
1153 1685 1227 1728 cen-

202 1771 267 1816 sum
290 1749 434 1834 prodebat
456 1759 490 1813 ut
513 1751 653 1813 studium.
700 1760 806 1814 cuncta
828 1771 953 1832 prorsus
974 1752 1167 1836 huiusmodi,
1191 1765 1227 1817 ut
1270 1811 1275 1820 .

201 1845 232 1904 in
256 1843 371 1904 actlone
394 1841 591 1902 thalamorum
613 1858 674 1900 non
697 1848 854 1921 appareret
871 1843 969 1902 minor
987 1842 1091 1903 Martis
1111 1863 1227 1925 pompa
1298 1879 1299 1922 j

202 1947 290 2012 equam
318 1928 449 1990 Veneris.
487 1930 540 1991 sed
569 1929 640 2008 quid
667 1929 740 1990 haec
767 1927 924 2009 pluribus?
969 1931 1141 2010 spe'ctacrdo
1171 1933 1227 1995 tali
1298 1943 1299 1957 ³

161 2043 188 2086 so
202 2019 262 2082 sola
286 2019 454 2101 praesentia
481 2026 532 2078 tua
560 2017 662 2078 deluit.
702 2037 771 2078 nam
800 2039 869 2081 cum
895 2019 1026 2080 viderem
1055 2038 1132 2100 quae
1167 2023 1228 2083 tibi

201 2107 324 2190 pulchra
352 2112 421 2166 sunt
448 2124 508 2166 non
535 2114 564 2167 te
593 2105 708 2188 videre,
734 2110 830 2187 ipsam
853 2127 888 2169 eo
915 2116 1050 2188 tempore
1074 2109 1227 2173 desiderii

201 2199 245 2260 tul
268 2197 472 2278 inpatientiam
495 2194 669 2256 desideravi.
707 2196 778 2258 vale.

667 2422 752 2488 XXI.

424 2543 592 2598 SIDONIUS
610 2543 707 2600 APRO
726 2543 795 2599 SUO
816 2544 993 2601 SALUTEM.
1133 2621 1137 2632 ¹

272 2656 298 2720 l.
325 2657 379 2718 Est
407 2655 527 2737 quidem
553 2660 693 2738 princeps
720 2660 751 2718 in
774 2676 883 2738 genere
906 2659 1098 2720 monstrando
1121 2666 1224 2741 partis

162 2772 188 2814 so
202 2757 341 2829 paternae
363 2749 577 2828 praerogativa,
600 2747 652 2807 sed
675 2755 774 2808 tamen
797 2748 922 2809 mrdtum
946 2755 999 2830 est,
1024 2749 1103 2828 quod
1127 2750 1224 2812 debe·

201 2856 268 2899 mus
297 2844 326 2898 et
355 2835 508 2898 matribus.
555 2855 614 2897 non
643 2839 723 2896 enim
746 2855 762 2896 a
785 2837 871 2898 nobis
900 2837 1011 2917 aliquid
1039 2837 1149 2899 exilius
1173 2840 1223 2902 fas

201 2929 341 2988 honorari
365 2927 443 3007 quod
462 2926 593 3006 pondera
616 2924 735 2985 illarum
754 2945 841 3005 quam
860 2926 939 3007 quod
958 2928 1085 2987 istorum
1103 2930 1223 2990 semina

202 3035 313 3078 sumus.
356 3017 407 3077 sed
431 3018 555 3095 originis
577 3022 697 3075 nostrae
721 3014 905 3077 definiendae
929 3018 1052 3076 materia
1075 3016 1122 3076 vel
1141 3021 1221 3079 ratio

202 3109 242 3168 sit
270 3123 361 3184 penes
391 3105 543 3186 physicos:
575 3122 644 3186 nos,
680 3103 759 3165 unde
790 3104 863 3165 haec
897 3107 963 3184 ipsa
996 3107 1222 3190 praemisimus

393 3258 514 3386 qenim
535 3259 559 3314 Ο
582 3259 591 3329 ll
619 3265 635 3313 3
655 3256 883 3327 conspiciebatur
901 3257 964 3311 LV
978 3263 1004 3312 et
1023 3261 1103 3326 (corr.
1122 3261 1156 3314 a'n
1173 3260 1221 3313 in-

423 3331 488 3401 ¹)N‚
507 3329 712 3398 inspiciebatur
725 3329 763 3383 M
766 3328 839 3398 OTu
853 3333 870 3382 b
888 3327 1001 3400 rubore]
1016 3345 1064 3383 ore
1083 3329 1221 3386 Walamo-

409 3404 434 3457 'n
457 3404 520 3458 ado.
541 3401 718 3470 Iatetjobann
749 3402 759 3470 ΙΙ
791 3406 825 3453 14
842 3397 1028 3453 missibilibus
1048 3400 1114 3454 LN
1115 3401 1154 3455 M
1157 3402 1180 3457 0
1186 3404 1220 3472 T,

424 3473 551 3528 Votieno.
567 3474 709 3541 34211121
729 3474 759 3525 te
777 3486 834 3525 non
854 3470 905 3526 GT
916 3474 926 3540 ΙΙ
939 3475 974 3526 23
992 3473 1073 3526 boor.
1093 3487 1143 3527 om.
1164 3473 1191 3527 L
1214 3477 1218 3546 Ι

417 3542 592 3612 actvm
602 3545 611 3612 l
625 3547 659 3596 26
674 3541 904 3613 postfaslcq.est
917 3542 992 3611 Μ,
1010 3559 1030 3597 s.
1042 3543 1059 3597 l.
1071 3543 1134 3598 add.
1146 3544 1219 3617 M¹1l
