<?xml version="1.0" encoding="UTF-8"?>
<!DOCTYPE html PUBLIC "-//W3C//DTD XHTML 1.0 Transitional//EN"
    "http://www.w3.org/TR/xhtml1/DTD/xhtml1-transitional.dtd">
<html xmlns="http://www.w3.org/1999/xhtml" xml:lang="en" lang="en">
 <head>
  <title>
</title>
<meta http-equiv="Content-Type" content="text/html;charset=utf-8" />
  <meta name='ocr-system' content='tesseract 3.04.00' />
  <meta name='ocr-capabilities' content='ocr_page ocr_carea ocr_par ocr_line ocrx_word'/>
</head>
<body>
  <div class='ocr_page' id='page_1' title='image "./csolliusapollin01apolgoog_0141.png"; bbox 0 0 2636 4032; ppageno 0'>
   <div class='ocr_carea' id='block_1_1' title="bbox 522 257 863 325">
    <p class='ocr_par' dir='ltr' id='par_1_1' title="bbox 522 257 863 325">
     <span class='ocr_line' id='line_1_1' title="bbox 522 257 863 325; baseline 0 -13"><span class='ocrx_word' id='word_1_1' title='bbox 522 258 630 312; x_wconf 78' lang='lat' dir='ltr'><strong>LIBER</strong></span> <span class='ocrx_word' id='word_1_2' title='bbox 649 257 841 325; x_wconf 59' lang='lat' dir='ltr'><strong>QUARTUS„</strong></span> <span class='ocrx_word' id='word_1_3' title='bbox 861 273 863 279; x_wconf 87' lang='lat'>·</span> 
     </span>
    </p>
   </div>
   <div class='ocr_carea' id='block_1_2' title="bbox 275 407 1013 2177">
    <p class='ocr_par' dir='ltr' id='par_1_2' title="bbox 327 407 1003 755">
     <span class='ocr_line' id='line_1_2' title="bbox 328 407 1003 487; baseline 0 -19"><span class='ocrx_word' id='word_1_4' title='bbox 328 427 417 487; x_wconf 81' lang='lat' dir='ltr'><strong>quam</strong></span> <span class='ocrx_word' id='word_1_5' title='bbox 439 415 531 469; x_wconf 86' lang='lat' dir='ltr'><strong>totam</strong></span> <span class='ocrx_word' id='word_1_6' title='bbox 554 407 715 469; x_wconf 91' lang='lat' dir='ltr'><strong>monachus</strong></span> <span class='ocrx_word' id='word_1_7' title='bbox 739 410 854 469; x_wconf 81' lang='lat' dir='ltr'><strong>virente</strong></span> <span class='ocrx_word' id='word_1_8' title='bbox 878 411 910 469; x_wconf 93' lang='lat' dir='ltr'><strong>in</strong></span> <span class='ocrx_word' id='word_1_9' title='bbox 934 427 1003 470; x_wconf 87' lang='lat' dir='ltr'><strong>aevo</strong></span> 
     </span>
     <span class='ocr_line' id='line_1_3' title="bbox 329 491 994 578; baseline 0 -21"><span class='ocrx_word' id='word_1_10' title='bbox 329 504 443 558; x_wconf 88' lang='lat' dir='ltr'><strong>secreta</strong></span> <span class='ocrx_word' id='word_1_11' title='bbox 466 497 541 559; x_wconf 80' lang='lat' dir='ltr'>bibit</span> <span class='ocrx_word' id='word_1_12' title='bbox 563 499 759 578; x_wconf 87' lang='lat' dir='ltr'><strong>institutione,</strong></span> <span class='ocrx_word' id='word_1_13' title='bbox 990 491 994 502; x_wconf 88' lang='lat'>&#39;</span> 
     </span>
     <span class='ocr_line' id='line_1_4' title="bbox 328 586 759 668; baseline -0.002 -22"><span class='ocrx_word' id='word_1_14' title='bbox 328 592 436 667; x_wconf 89' lang='lat' dir='ltr'><strong>orator,</strong></span> <span class='ocrx_word' id='word_1_15' title='bbox 460 586 641 668; x_wconf 89' lang='lat' dir='ltr'><strong>dialecticus,</strong></span> <span class='ocrx_word' id='word_1_16' title='bbox 663 594 759 666; x_wconf 90' lang='lat' dir='ltr'><strong>poeta,</strong></span> 
     </span>
     <span class='ocr_line' id='line_1_5' title="bbox 327 677 873 755; baseline -0.004 -19"><span class='ocrx_word' id='word_1_17' title='bbox 327 682 477 755; x_wconf 85' lang='lat' dir='ltr'><strong>tractator,</strong></span> <span class='ocrx_word' id='word_1_18' title='bbox 501 683 650 754; x_wconf 83' lang='lat' dir='ltr'>geometra</span> <span class='ocrx_word' id='word_1_19' title='bbox 672 677 873 755; x_wconf 82' lang='lat' dir='ltr'><strong>musicusque,</strong></span> 
     </span>
    </p>

    <p class='ocr_par' dir='ltr' id='par_1_3' title="bbox 275 764 1013 1199">
     <span class='ocr_line' id='line_1_6' title="bbox 275 764 925 843; baseline -0.002 -18"><span class='ocrx_word' id='word_1_20' title='bbox 275 777 309 825; x_wconf 86' lang='lat'><strong>10</strong></span> <span class='ocrx_word' id='word_1_21' title='bbox 328 764 433 824; x_wconf 88' lang='lat' dir='ltr'><strong>doctus</strong></span> <span class='ocrx_word' id='word_1_22' title='bbox 460 765 574 825; x_wconf 88' lang='lat' dir='ltr'><strong>solvere</strong></span> <span class='ocrx_word' id='word_1_23' title='bbox 597 764 692 825; x_wconf 85' lang='lat' dir='ltr'><strong>vincla</strong></span> <span class='ocrx_word' id='word_1_24' title='bbox 717 765 925 843; x_wconf 82' lang='lat' dir='ltr'><strong>quaestionum</strong></span> 
     </span>
     <span class='ocr_line' id='line_1_7' title="bbox 330 853 839 933; baseline 0 -21"><span class='ocrx_word' id='word_1_25' title='bbox 330 860 360 913; x_wconf 85' lang='lat' dir='ltr'><strong>et</strong></span> <span class='ocrx_word' id='word_1_26' title='bbox 382 853 466 914; x_wconf 84' lang='lat' dir='ltr'><strong>verbi</strong></span> <span class='ocrx_word' id='word_1_27' title='bbox 490 853 586 932; x_wconf 84' lang='lat' dir='ltr'><strong>gladio</strong></span> <span class='ocrx_word' id='word_1_28' title='bbox 611 872 711 914; x_wconf 88' lang='lat' dir='ltr'><strong>secare</strong></span> <span class='ocrx_word' id='word_1_29' title='bbox 735 860 839 933; x_wconf 90' lang='lat' dir='ltr'><strong>sectas,</strong></span> 
     </span>
     <span class='ocr_line' id='line_1_8' title="bbox 329 941 944 1021; baseline 0 -19"><span class='ocrx_word' id='word_1_30' title='bbox 329 943 355 1002; x_wconf 89' lang='lat' dir='ltr'><strong>si</strong></span> <span class='ocrx_word' id='word_1_31' title='bbox 379 961 452 1021; x_wconf 89' lang='lat' dir='ltr'><strong>quae</strong></span> <span class='ocrx_word' id='word_1_32' title='bbox 477 941 651 1003; x_wconf 88' lang='lat' dir='ltr'><strong>catholicam</strong></span> <span class='ocrx_word' id='word_1_33' title='bbox 673 942 764 1002; x_wconf 88' lang='lat' dir='ltr'><strong>fidem</strong></span> <span class='ocrx_word' id='word_1_34' title='bbox 787 941 944 1002; x_wconf 89' lang='lat' dir='ltr'><strong>lacessunt.</strong></span> 
     </span>
     <span class='ocr_line' id='line_1_9' title="bbox 327 1030 1013 1110; baseline -0.001 -19"><span class='ocrx_word' id='word_1_35' title='bbox 327 1030 510 1110; x_wconf 90' lang='lat' dir='ltr'><strong>psalmorum</strong></span> <span class='ocrx_word' id='word_1_36' title='bbox 533 1031 582 1092; x_wconf 91' lang='lat' dir='ltr'><strong>hic</strong></span> <span class='ocrx_word' id='word_1_37' title='bbox 605 1031 770 1092; x_wconf 82' lang='lat' dir='ltr'><strong>modulator</strong></span> <span class='ocrx_word' id='word_1_38' title='bbox 793 1038 824 1091; x_wconf 89' lang='lat' dir='ltr'><strong>et</strong></span> <span class='ocrx_word' id='word_1_39' title='bbox 845 1030 1013 1110; x_wconf 83' lang='lat' dir='ltr'><strong>phonascus</strong></span> 
     </span>
     <span class='ocr_line' id='line_1_10' title="bbox 328 1119 826 1199; baseline -0.002 -19"><span class='ocrx_word' id='word_1_40' title='bbox 328 1127 395 1180; x_wconf 88' lang='lat' dir='ltr'><strong>ante</strong></span> <span class='ocrx_word' id='word_1_41' title='bbox 420 1119 522 1181; x_wconf 87' lang='lat' dir='ltr'><strong>altaria</strong></span> <span class='ocrx_word' id='word_1_42' title='bbox 546 1119 636 1181; x_wconf 81' lang='lat' dir='ltr'><strong>fratre</strong></span> <span class='ocrx_word' id='word_1_43' title='bbox 660 1119 826 1199; x_wconf 79' lang='lat' dir='ltr'><strong>gratulante</strong></span> 
     </span>
    </p>

    <p class='ocr_par' dir='ltr' id='par_1_4' title="bbox 277 1207 962 1644">
     <span class='ocr_line' id='line_1_11' title="bbox 277 1207 884 1270; baseline 0 -2"><span class='ocrx_word' id='word_1_44' title='bbox 277 1221 308 1269; x_wconf 82' lang='lat'><strong>15</strong></span> <span class='ocrx_word' id='word_1_45' title='bbox 328 1210 489 1269; x_wconf 88' lang='lat' dir='ltr'><strong>instructas</strong></span> <span class='ocrx_word' id='word_1_46' title='bbox 512 1209 614 1270; x_wconf 88' lang='lat' dir='ltr'><strong>docuit</strong></span> <span class='ocrx_word' id='word_1_47' title='bbox 637 1227 742 1270; x_wconf 89' lang='lat' dir='ltr'><strong>sonare</strong></span> <span class='ocrx_word' id='word_1_48' title='bbox 766 1207 884 1269; x_wconf 91' lang='lat' dir='ltr'><strong>classes.</strong></span> 
     </span>
     <span class='ocr_line' id='line_1_12' title="bbox 327 1296 858 1377; baseline 0 -21"><span class='ocrx_word' id='word_1_49' title='bbox 327 1297 376 1357; x_wconf 93' lang='lat' dir='ltr'><strong>hic</strong></span> <span class='ocrx_word' id='word_1_50' title='bbox 399 1296 592 1359; x_wconf 88' lang='lat' dir='ltr'><strong>sollemnibus</strong></span> <span class='ocrx_word' id='word_1_51' title='bbox 616 1301 722 1359; x_wconf 90' lang='lat' dir='ltr'><strong>annuis</strong></span> <span class='ocrx_word' id='word_1_52' title='bbox 744 1299 858 1377; x_wconf 89' lang='lat' dir='ltr'><strong>paravit</strong></span> 
     </span>
     <span class='ocr_line' id='line_1_13' title="bbox 329 1387 962 1466; baseline -0.002 -20"><span class='ocrx_word' id='word_1_53' title='bbox 329 1404 402 1464; x_wconf 86' lang='lat' dir='ltr'><strong>quae</strong></span> <span class='ocrx_word' id='word_1_54' title='bbox 426 1405 485 1465; x_wconf 89' lang='lat' dir='ltr'><strong>quo</strong></span> <span class='ocrx_word' id='word_1_55' title='bbox 508 1395 641 1466; x_wconf 89' lang='lat' dir='ltr'><strong>tempore</strong></span> <span class='ocrx_word' id='word_1_56' title='bbox 664 1387 740 1448; x_wconf 88' lang='lat' dir='ltr'><strong>lecta</strong></span> <span class='ocrx_word' id='word_1_57' title='bbox 763 1387 962 1447; x_wconf 88' lang='lat' dir='ltr'><strong>convenirent.</strong></span> 
     </span>
     <span class='ocr_line' id='line_1_14' title="bbox 327 1474 876 1554; baseline 0 -20"><span class='ocrx_word' id='word_1_58' title='bbox 327 1477 452 1536; x_wconf 88' lang='lat' dir='ltr'><strong>antistes</strong></span> <span class='ocrx_word' id='word_1_59' title='bbox 476 1475 531 1536; x_wconf 89' lang='lat' dir='ltr'><strong>init</strong></span> <span class='ocrx_word' id='word_1_60' title='bbox 554 1476 658 1536; x_wconf 84' lang='lat' dir='ltr'><strong>ordine</strong></span> <span class='ocrx_word' id='word_1_61' title='bbox 682 1478 713 1536; x_wconf 94' lang='lat' dir='ltr'><strong>in</strong></span> <span class='ocrx_word' id='word_1_62' title='bbox 737 1474 876 1554; x_wconf 92' lang='lat' dir='ltr'><strong>secundo,</strong></span> 
     </span>
     <span class='ocr_line' id='line_1_15' title="bbox 326 1563 866 1644; baseline 0 -22"><span class='ocrx_word' id='word_1_63' title='bbox 326 1563 447 1624; x_wconf 88' lang='lat' dir='ltr'><strong>fratrem</strong></span> <span class='ocrx_word' id='word_1_64' title='bbox 472 1565 550 1626; x_wconf 87' lang='lat' dir='ltr'><strong>iasoe</strong></span> <span class='ocrx_word' id='word_1_65' title='bbox 574 1564 673 1625; x_wconf 89' lang='lat' dir='ltr'><strong>levans</strong></span> <span class='ocrx_word' id='word_1_66' title='bbox 698 1563 866 1644; x_wconf 90' lang='lat' dir='ltr'><strong>episcopali.</strong></span> 
     </span>
    </p>

    <p class='ocr_par' dir='ltr' id='par_1_5' title="bbox 276 1653 929 2088">
     <span class='ocr_line' id='line_1_16' title="bbox 276 1653 889 1733; baseline -0.003 -20"><span class='ocrx_word' id='word_1_67' title='bbox 276 1665 310 1713; x_wconf 76' lang='lat' dir='ltr'><strong>ao</strong></span> <span class='ocrx_word' id='word_1_68' title='bbox 329 1671 396 1713; x_wconf 89' lang='lat' dir='ltr'><strong>nam</strong></span> <span class='ocrx_word' id='word_1_69' title='bbox 420 1653 456 1714; x_wconf 90' lang='lat' dir='ltr'><strong>de</strong></span> <span class='ocrx_word' id='word_1_70' title='bbox 480 1655 629 1733; x_wconf 87' lang='lat' dir='ltr'><strong>pontificis</strong></span> <span class='ocrx_word' id='word_1_71' title='bbox 652 1661 756 1714; x_wconf 89' lang='lat' dir='ltr'><strong>tenore</strong></span> <span class='ocrx_word' id='word_1_72' title='bbox 781 1653 889 1712; x_wconf 91' lang='lat' dir='ltr'><strong>summi</strong></span> 
     </span>
     <span class='ocr_line' id='line_1_17' title="bbox 327 1740 923 1823; baseline -0.003 -21"><span class='ocrx_word' id='word_1_73' title='bbox 327 1741 377 1802; x_wconf 87' lang='lat' dir='ltr'><strong>ille</strong></span> <span class='ocrx_word' id='word_1_74' title='bbox 400 1744 528 1822; x_wconf 83' lang='lat' dir='ltr'><strong>insignia</strong></span> <span class='ocrx_word' id='word_1_75' title='bbox 552 1745 686 1823; x_wconf 82' lang='lat' dir='ltr'><strong>sumpsit,</strong></span> <span class='ocrx_word' id='word_1_76' title='bbox 712 1742 761 1801; x_wconf 93' lang='lat' dir='ltr'><strong>hic</strong></span> <span class='ocrx_word' id='word_1_77' title='bbox 784 1740 923 1801; x_wconf 89' lang='lat' dir='ltr'><strong>laho&#39;rem.</strong></span> 
     </span>
     <span class='ocr_line' id='line_1_18' title="bbox 326 1825 929 1912; baseline -0.003 -21"><span class='ocrx_word' id='word_1_78' title='bbox 326 1839 355 1891; x_wconf 92' lang='lat' dir='ltr'><strong>at</strong></span> <span class='ocrx_word' id='word_1_79' title='bbox 379 1839 421 1911; x_wconf 90' lang='lat' dir='ltr'><strong>tu,</strong></span> <span class='ocrx_word' id='word_1_80' title='bbox 445 1834 571 1911; x_wconf 88' lang='lat' dir='ltr'><strong>quisque</strong></span> <span class='ocrx_word' id='word_1_81' title='bbox 595 1831 687 1912; x_wconf 91' lang='lat' dir='ltr'><strong>doles,</strong></span> <span class='ocrx_word' id='word_1_82' title='bbox 711 1832 804 1891; x_wconf 90' lang='lat' dir='ltr'><strong>amice</strong></span> <span class='ocrx_word' id='word_1_83' title='bbox 827 1825 929 1910; x_wconf 90' lang='lat' dir='ltr'><strong>lector,</strong></span> 
     </span>
     <span class='ocr_line' id='line_1_19' title="bbox 326 1919 893 2000; baseline -0.004 -20"><span class='ocrx_word' id='word_1_84' title='bbox 326 1920 363 1980; x_wconf 91' lang='lat' dir='ltr'><strong>de</strong></span> <span class='ocrx_word' id='word_1_85' title='bbox 387 1927 469 1981; x_wconf 86' lang='lat' dir='ltr'><strong>tanto</strong></span> <span class='ocrx_word' id='word_1_86' title='bbox 494 1923 579 2000; x_wconf 89' lang='lat' dir='ltr'><strong>quasi</strong></span> <span class='ocrx_word' id='word_1_87' title='bbox 601 1919 644 1980; x_wconf 94' lang='lat' dir='ltr'><strong>nil</strong></span> <span class='ocrx_word' id='word_1_88' title='bbox 666 1922 729 1980; x_wconf 90' lang='lat' dir='ltr'><strong>viro</strong></span> <span class='ocrx_word' id='word_1_89' title='bbox 754 1920 893 1998; x_wconf 83' lang='lat' dir='ltr'><strong>supersit,</strong></span> 
     </span>
     <span class='ocr_line' id='line_1_20' title="bbox 326 2009 901 2088; baseline -0.002 -20"><span class='ocrx_word' id='word_1_90' title='bbox 326 2009 394 2069; x_wconf 88' lang='lat' dir='ltr'><strong>udis</strong></span> <span class='ocrx_word' id='word_1_91' title='bbox 417 2027 506 2088; x_wconf 85' lang='lat' dir='ltr'><strong>parce</strong></span> <span class='ocrx_word' id='word_1_92' title='bbox 530 2011 614 2088; x_wconf 87' lang='lat' dir='ltr'><strong>genis</strong></span> <span class='ocrx_word' id='word_1_93' title='bbox 637 2011 734 2088; x_wconf 82' lang='lat' dir='ltr'><strong>rigare</strong></span> <span class='ocrx_word' id='word_1_94' title='bbox 758 2026 901 2068; x_wconf 90' lang='lat' dir='ltr'><strong>marmor:</strong></span> 
     </span>
    </p>

    <p class='ocr_par' dir='ltr' id='par_1_6' title="bbox 276 2097 949 2177">
     <span class='ocr_line' id='line_1_21' title="bbox 276 2097 949 2177; baseline -0.003 -19"><span class='ocrx_word' id='word_1_95' title='bbox 276 2109 309 2158; x_wconf 78' lang='lat'><strong>25</strong></span> <span class='ocrx_word' id='word_1_96' title='bbox 329 2115 414 2157; x_wconf 89' lang='lat' dir='ltr'><strong>mens</strong></span> <span class='ocrx_word' id='word_1_97' title='bbox 438 2106 468 2157; x_wconf 94' lang='lat' dir='ltr'><strong>et</strong></span> <span class='ocrx_word' id='word_1_98' title='bbox 491 2097 583 2176; x_wconf 83' lang='lat' dir='ltr'><strong>gloria</strong></span> <span class='ocrx_word' id='word_1_99' title='bbox 606 2115 666 2158; x_wconf 91' lang='lat' dir='ltr'><strong>non</strong></span> <span class='ocrx_word' id='word_1_100' title='bbox 689 2103 802 2177; x_wconf 91' lang='lat' dir='ltr'><strong>queunt</strong></span> <span class='ocrx_word' id='word_1_101' title='bbox 824 2097 949 2157; x_wconf 91' lang='lat' dir='ltr'><strong>humari.</strong></span> 
     </span>
    </p>
   </div>
   <div class='ocr_carea' id='block_1_3' title="bbox 126 2235 1187 3298">
    <p class='ocr_par' dir='ltr' id='par_1_7' title="bbox 165 2235 1187 2585">
     <span class='ocr_line' id='line_1_22' title="bbox 168 2235 1187 2320; baseline 0.003 -22"><span class='ocrx_word' id='word_1_102' title='bbox 168 2235 196 2298; x_wconf 83' lang='lat' dir='ltr'><strong>l.</strong></span> <span class='ocrx_word' id='word_1_103' title='bbox 218 2236 295 2298; x_wconf 88' lang='lat' dir='ltr'><strong>Ecce</strong></span> <span class='ocrx_word' id='word_1_104' title='bbox 319 2239 398 2318; x_wconf 91' lang='lat' dir='ltr'><strong>quod</strong></span> <span class='ocrx_word' id='word_1_105' title='bbox 421 2258 550 2320; x_wconf 86' lang='lat' dir='ltr'><strong>carmen,</strong></span> <span class='ocrx_word' id='word_1_106' title='bbox 578 2258 643 2301; x_wconf 92' lang='lat' dir='ltr'><strong>cum</strong></span> <span class='ocrx_word' id='word_1_107' title='bbox 667 2241 797 2319; x_wconf 91' lang='lat' dir='ltr'><strong>primum</strong></span> <span class='ocrx_word' id='word_1_108' title='bbox 820 2239 904 2318; x_wconf 84' lang='lat' dir='ltr'><strong>affui,</strong></span> <span class='ocrx_word' id='word_1_109' title='bbox 932 2256 1022 2317; x_wconf 88' lang='lat' dir='ltr'><strong>super</strong></span> <span class='ocrx_word' id='word_1_110' title='bbox 1044 2241 1187 2301; x_wconf 91' lang='lat' dir='ltr'><strong>unanimi</strong></span> 
     </span>
     <span class='ocr_line' id='line_1_23' title="bbox 166 2326 1185 2408; baseline 0.002 -22"><span class='ocrx_word' id='word_1_111' title='bbox 166 2326 267 2387; x_wconf 81' lang='lat' dir='ltr'><strong>fratris</strong></span> <span class='ocrx_word' id='word_1_112' title='bbox 295 2346 362 2388; x_wconf 90' lang='lat' dir='ltr'><strong>ossa</strong></span> <span class='ocrx_word' id='word_1_113' title='bbox 389 2331 563 2408; x_wconf 90' lang='lat' dir='ltr'><strong>conscripsi.</strong></span> <span class='ocrx_word' id='word_1_114' title='bbox 608 2347 735 2408; x_wconf 85' lang='lat' dir='ltr'><strong>namque</strong></span> <span class='ocrx_word' id='word_1_115' title='bbox 762 2335 834 2388; x_wconf 91' lang='lat' dir='ltr'><strong>tuno</strong></span> <span class='ocrx_word' id='word_1_116' title='bbox 862 2327 935 2407; x_wconf 86' lang='lat' dir='ltr'><strong>alui,</strong></span> <span class='ocrx_word' id='word_1_117' title='bbox 965 2344 1032 2387; x_wconf 91' lang='lat' dir='ltr'><strong>cum</strong></span> <span class='ocrx_word' id='word_1_118' title='bbox 1060 2326 1185 2388; x_wconf 84' lang='lat' dir='ltr'><strong>lunera·</strong></span> 
     </span>
     <span class='ocr_line' id='line_1_24' title="bbox 166 2415 1181 2497; baseline 0.002 -22"><span class='ocrx_word' id='word_1_119' title='bbox 166 2421 282 2496; x_wconf 84' lang='lat' dir='ltr'><strong>rentur3</strong></span> <span class='ocrx_word' id='word_1_120' title='bbox 306 2434 361 2477; x_wconf 91' lang='lat' dir='ltr'><strong>nec</strong></span> <span class='ocrx_word' id='word_1_121' title='bbox 385 2416 421 2476; x_wconf 95' lang='lat' dir='ltr'><strong>ob</strong></span> <span class='ocrx_word' id='word_1_122' title='bbox 445 2417 501 2478; x_wconf 91' lang='lat' dir='ltr'><strong>hoc</strong></span> <span class='ocrx_word' id='word_1_123' title='bbox 523 2424 622 2478; x_wconf 88' lang='lat' dir='ltr'><strong>tamen</strong></span> <span class='ocrx_word' id='word_1_124' title='bbox 645 2417 762 2497; x_wconf 91' lang='lat' dir='ltr'><strong>perdidi</strong></span> <span class='ocrx_word' id='word_1_125' title='bbox 784 2419 815 2477; x_wconf 92' lang='lat' dir='ltr'><strong>in</strong></span> <span class='ocrx_word' id='word_1_126' title='bbox 839 2423 933 2476; x_wconf 85' lang='lat' dir='ltr'><strong>totum</strong></span> <span class='ocrx_word' id='word_1_127' title='bbox 957 2415 1181 2477; x_wconf 88' lang='lat' dir='ltr'><strong>desideratissi—</strong></span> 
     </span>
     <span class='ocr_line' id='line_1_25' title="bbox 165 2504 1183 2585; baseline 0.002 -21"><span class='ocrx_word' id='word_1_128' title='bbox 165 2523 243 2565; x_wconf 93' lang='lat' dir='ltr'><strong>mam</strong></span> <span class='ocrx_word' id='word_1_129' title='bbox 266 2505 357 2566; x_wconf 88' lang='lat' dir='ltr'><strong>flendi</strong></span> <span class='ocrx_word' id='word_1_130' title='bbox 380 2507 572 2567; x_wconf 80' lang='lat' dir='ltr'><strong>occasionem.</strong></span> <span class='ocrx_word' id='word_1_131' title='bbox 618 2526 687 2567; x_wconf 89' lang='lat' dir='ltr'><strong>nam</strong></span> <span class='ocrx_word' id='word_1_132' title='bbox 710 2506 781 2567; x_wconf 90' lang='lat' dir='ltr'><strong>dum</strong></span> <span class='ocrx_word' id='word_1_133' title='bbox 804 2505 880 2566; x_wconf 88' lang='lat' dir='ltr'><strong>iorte</strong></span> <span class='ocrx_word' id='word_1_134' title='bbox 898 2505 1066 2585; x_wconf 86' lang='lat' dir='ltr'><strong>meditarer,</strong></span> <span class='ocrx_word' id='word_1_135' title='bbox 1090 2504 1183 2566; x_wconf 88' lang='lat' dir='ltr'><strong>lacri-</strong></span> 
     </span>
    </p>

    <p class='ocr_par' dir='ltr' id='par_1_8' title="bbox 139 2593 1182 3031">
     <span class='ocr_line' id='line_1_26' title="bbox 139 2593 1182 2676; baseline 0.005 -26"><span class='ocrx_word' id='word_1_136' title='bbox 139 2607 152 2648; x_wconf 82' lang='lat'>5</span> <span class='ocrx_word' id='word_1_137' title='bbox 167 2596 222 2654; x_wconf 89' lang='lat' dir='ltr'><strong>mis</strong></span> <span class='ocrx_word' id='word_1_138' title='bbox 240 2593 370 2655; x_wconf 87' lang='lat' dir='ltr'><strong>habenas</strong></span> <span class='ocrx_word' id='word_1_139' title='bbox 385 2597 481 2655; x_wconf 85' lang='lat' dir='ltr'><strong>anima</strong></span> <span class='ocrx_word' id='word_1_140' title='bbox 495 2598 678 2674; x_wconf 89' lang='lat' dir='ltr'><strong>parturiente</strong></span> <span class='ocrx_word' id='word_1_141' title='bbox 693 2594 787 2655; x_wconf 83' lang='lat' dir='ltr'><strong>laxari</strong></span> <span class='ocrx_word' id='word_1_142' title='bbox 801 2595 917 2673; x_wconf 85' lang='lat' dir='ltr'><strong>fecique</strong></span> <span class='ocrx_word' id='word_1_143' title='bbox 932 2594 968 2654; x_wconf 91' lang='lat' dir='ltr'><strong>ad</strong></span> <span class='ocrx_word' id='word_1_144' title='bbox 983 2593 1182 2676; x_wconf 88' lang='lat' dir='ltr'><strong>epitaphium,</strong></span> 
     </span>
     <span class='ocr_line' id='line_1_27' title="bbox 166 2683 1182 2765; baseline 0.001 -21"><span class='ocrx_word' id='word_1_145' title='bbox 166 2684 245 2762; x_wconf 87' lang='lat' dir='ltr'><strong>quod</strong></span> <span class='ocrx_word' id='word_1_146' title='bbox 268 2683 319 2744; x_wconf 91' lang='lat' dir='ltr'><strong>alii</strong></span> <span class='ocrx_word' id='word_1_147' title='bbox 341 2684 476 2745; x_wconf 87' lang='lat' dir='ltr'><strong>fecerunt</strong></span> <span class='ocrx_word' id='word_1_148' title='bbox 503 2684 539 2746; x_wconf 88' lang='lat' dir='ltr'><strong>ad</strong></span> <span class='ocrx_word' id='word_1_149' title='bbox 567 2685 764 2765; x_wconf 87' lang='lat' dir='ltr'><strong>sepulchrum.</strong></span> <span class='ocrx_word' id='word_1_150' title='bbox 810 2684 883 2744; x_wconf 91' lang='lat' dir='ltr'><strong>haec</strong></span> <span class='ocrx_word' id='word_1_151' title='bbox 907 2701 977 2761; x_wconf 83' lang='lat' dir='ltr'><strong>ergo</strong></span> <span class='ocrx_word' id='word_1_152' title='bbox 1001 2684 1182 2762; x_wconf 89' lang='lat' dir='ltr'><strong>scripsimus</strong></span> 
     </span>
     <span class='ocr_line' id='line_1_28' title="bbox 165 2771 1181 2854; baseline -0.002 -20"><span class='ocrx_word' id='word_1_153' title='bbox 165 2772 229 2854; x_wconf 88' lang='lat' dir='ltr'><strong>tibi,</strong></span> <span class='ocrx_word' id='word_1_154' title='bbox 252 2790 289 2834; x_wconf 93' lang='lat' dir='ltr'><strong>ne</strong></span> <span class='ocrx_word' id='word_1_155' title='bbox 313 2773 437 2834; x_wconf 88' lang='lat' dir='ltr'><strong>forsitan</strong></span> <span class='ocrx_word' id='word_1_156' title='bbox 460 2772 639 2835; x_wconf 87' lang='lat' dir='ltr'><strong>arbitrarere</strong></span> <span class='ocrx_word' id='word_1_157' title='bbox 663 2772 758 2834; x_wconf 90' lang='lat' dir='ltr'><strong>solum</strong></span> <span class='ocrx_word' id='word_1_158' title='bbox 782 2790 836 2833; x_wconf 91' lang='lat' dir='ltr'><strong>nos</strong></span> <span class='ocrx_word' id='word_1_159' title='bbox 860 2771 957 2833; x_wconf 90' lang='lat' dir='ltr'><strong>colere</strong></span> <span class='ocrx_word' id='word_1_160' title='bbox 976 2773 1110 2832; x_wconf 89' lang='lat' dir='ltr'><strong>vivorum</strong></span> <span class='ocrx_word' id='word_1_161' title='bbox 1130 2791 1181 2832; x_wconf 91' lang='lat' dir='ltr'><strong>so-</strong></span> 
     </span>
     <span class='ocr_line' id='line_1_29' title="bbox 166 2861 1182 2941; baseline 0 -19"><span class='ocrx_word' id='word_1_162' title='bbox 166 2861 316 2924; x_wconf 88' lang='lat' dir='ltr'><strong>dalitatem</strong></span> <span class='ocrx_word' id='word_1_163' title='bbox 338 2865 442 2941; x_wconf 86' lang='lat' dir='ltr'><strong>reique</strong></span> <span class='ocrx_word' id='word_1_164' title='bbox 465 2869 516 2924; x_wconf 92' lang='lat' dir='ltr'><strong>tuo</strong></span> <span class='ocrx_word' id='word_1_165' title='bbox 540 2863 650 2924; x_wconf 92' lang='lat' dir='ltr'><strong>iudicio</strong></span> <span class='ocrx_word' id='word_1_166' title='bbox 674 2879 821 2941; x_wconf 90' lang='lat' dir='ltr'><strong>essemus,</strong></span> <span class='ocrx_word' id='word_1_167' title='bbox 849 2863 908 2921; x_wconf 94' lang='lat' dir='ltr'><strong>nisi</strong></span> <span class='ocrx_word' id='word_1_168' title='bbox 931 2862 1093 2921; x_wconf 91' lang='lat' dir='ltr'><strong>amicorum</strong></span> <span class='ocrx_word' id='word_1_169' title='bbox 1116 2863 1182 2922; x_wconf 88' lang='lat' dir='ltr'><strong>vita</strong></span> 
     </span>
     <span class='ocr_line' id='line_1_30' title="bbox 166 2949 1181 3031; baseline -0.001 -19"><span class='ocrx_word' id='word_1_170' title='bbox 166 2959 318 3012; x_wconf 87' lang='lat' dir='ltr'><strong>carentum</strong></span> <span class='ocrx_word' id='word_1_171' title='bbox 351 2969 468 3031; x_wconf 89' lang='lat' dir='ltr'><strong>semper</strong></span> <span class='ocrx_word' id='word_1_172' title='bbox 500 2970 593 3031; x_wconf 88' lang='lat' dir='ltr'><strong>aeque</strong></span> <span class='ocrx_word' id='word_1_173' title='bbox 624 2959 657 3012; x_wconf 92' lang='lat' dir='ltr'><strong>ut</strong></span> <span class='ocrx_word' id='word_1_174' title='bbox 684 2949 876 3011; x_wconf 91' lang='lat' dir='ltr'><strong>incolumium</strong></span> <span class='ocrx_word' id='word_1_175' title='bbox 906 2950 1181 3011; x_wconf 89' lang='lat' dir='ltr'><strong>reminisceremur.</strong></span> 
     </span>
    </p>

    <p class='ocr_par' dir='ltr' id='par_1_9' title="bbox 126 3039 1183 3298">
     <span class='ocr_line' id='line_1_31' title="bbox 126 3039 1182 3121; baseline 0 -21"><span class='ocrx_word' id='word_1_176' title='bbox 126 3053 152 3093; x_wconf 84' lang='lat'><strong>1⁰</strong></span> <span class='ocrx_word' id='word_1_177' title='bbox 166 3059 292 3120; x_wconf 90' lang='lat' dir='ltr'><strong>namque</strong></span> <span class='ocrx_word' id='word_1_178' title='bbox 316 3048 346 3101; x_wconf 89' lang='lat' dir='ltr'><strong>et</strong></span> <span class='ocrx_word' id='word_1_179' title='bbox 369 3059 405 3101; x_wconf 82' lang='lat' dir='ltr'><strong>ex</strong></span> <span class='ocrx_word' id='word_1_180' title='bbox 428 3040 498 3121; x_wconf 90' lang='lat' dir='ltr'><strong>hoc,</strong></span> <span class='ocrx_word' id='word_1_181' title='bbox 529 3041 607 3120; x_wconf 91' lang='lat' dir='ltr'><strong>quod</strong></span> <span class='ocrx_word' id='word_1_182' title='bbox 630 3042 677 3100; x_wconf 85' lang='lat' dir='ltr'><strong>vix</strong></span> <span class='ocrx_word' id='word_1_183' title='bbox 706 3046 875 3100; x_wconf 83' lang='lat' dir='ltr'><strong>reservatur</strong></span> <span class='ocrx_word' id='word_1_184' title='bbox 902 3039 1074 3118; x_wconf 79' lang='lat' dir='ltr'><strong>imaginaria</strong></span> <span class='ocrx_word' id='word_1_185' title='bbox 1103 3039 1182 3100; x_wconf 87' lang='lat' dir='ltr'><strong>fides</strong></span> 
     </span>
     <span class='ocr_line' id='line_1_32' title="bbox 166 3127 1183 3210; baseline 0 -22"><span class='ocrx_word' id='word_1_186' title='bbox 166 3128 212 3189; x_wconf 87' lang='lat' dir='ltr'><strong>rel</strong></span> <span class='ocrx_word' id='word_1_187' title='bbox 234 3128 457 3210; x_wconf 64' lang='lat' dir='ltr'><strong>superstitibus</strong></span> <span class='ocrx_word' id='word_1_188' title='bbox 484 3148 545 3190; x_wconf 92' lang='lat' dir='ltr'><strong>non</strong></span> <span class='ocrx_word' id='word_1_189' title='bbox 567 3136 685 3209; x_wconf 86' lang='lat' dir='ltr'><strong>praeter</strong></span> <span class='ocrx_word' id='word_1_190' title='bbox 708 3146 835 3206; x_wconf 91' lang='lat' dir='ltr'><strong>aequum</strong></span> <span class='ocrx_word' id='word_1_191' title='bbox 858 3127 1032 3207; x_wconf 89' lang='lat' dir='ltr'><strong>opinabere,</strong></span> <span class='ocrx_word' id='word_1_192' title='bbox 1061 3129 1087 3187; x_wconf 90' lang='lat' dir='ltr'><strong>si</strong></span> <span class='ocrx_word' id='word_1_193' title='bbox 1110 3146 1183 3207; x_wconf 92' lang='lat' dir='ltr'><strong>per-</strong></span> 
     </span>
     <span class='ocr_line' id='line_1_33' title="bbox 167 3215 1008 3298; baseline -0.002 -20"><span class='ocrx_word' id='word_1_194' title='bbox 167 3236 277 3297; x_wconf 85' lang='lat' dir='ltr'><strong>paucos</strong></span> <span class='ocrx_word' id='word_1_195' title='bbox 301 3237 367 3280; x_wconf 88' lang='lat' dir='ltr'><strong>esse</strong></span> <span class='ocrx_word' id='word_1_196' title='bbox 392 3221 531 3298; x_wconf 71' lang='lat' dir='ltr'><strong>conicias</strong></span> <span class='ocrx_word' id='word_1_197' title='bbox 555 3221 606 3298; x_wconf 90' lang='lat' dir='ltr'><strong>qui</strong></span> <span class='ocrx_word' id='word_1_198' title='bbox 628 3225 762 3278; x_wconf 88' lang='lat' dir='ltr'><strong>mortuos</strong></span> <span class='ocrx_word' id='word_1_199' title='bbox 785 3224 891 3277; x_wconf 89' lang='lat' dir='ltr'><strong>ament.</strong></span> <span class='ocrx_word' id='word_1_200' title='bbox 938 3215 1008 3276; x_wconf 82' lang='lat' dir='ltr'><strong>vale.</strong></span> 
     </span>
    </p>
   </div>
   <div class='ocr_carea' id='block_1_4' title="bbox 167 3404 1182 3547">
    <p class='ocr_par' dir='ltr' id='par_1_10' title="bbox 167 3404 1182 3547">
     <span class='ocr_line' id='line_1_34' title="bbox 239 3404 1182 3480; baseline 0.001 -20"><span class='ocrx_word' id='word_1_201' title='bbox 239 3405 342 3460; x_wconf 67' lang='lat' dir='ltr'><strong>iaffui</strong></span> <span class='ocrx_word' id='word_1_202' title='bbox 368 3407 420 3462; x_wconf 83' lang='lat' dir='ltr'><strong>GT</strong></span> <span class='ocrx_word' id='word_1_203' title='bbox 447 3409 451 3476; x_wconf 92' lang='grc' dir='ltr'>Ι</span> <span class='ocrx_word' id='word_1_204' title='bbox 479 3405 676 3460; x_wconf 83' lang='lat' dir='ltr'><strong>funerarentnr</strong></span> <span class='ocrx_word' id='word_1_205' title='bbox 698 3406 781 3472; x_wconf 81' lang='lat' dir='ltr'><strong>LN¹‚</strong></span> <span class='ocrx_word' id='word_1_206' title='bbox 810 3404 986 3460; x_wconf 84' lang='lat' dir='ltr'><strong>funeraretur</strong></span> <span class='ocrx_word' id='word_1_207' title='bbox 1004 3404 1148 3461; x_wconf 81' lang='lat' dir='ltr'><strong><em>N’MOT</em></strong></span> <span class='ocrx_word' id='word_1_208' title='bbox 1170 3407 1182 3480; x_wconf 77' lang='grc' dir='ltr'><strong>ΙΙ</strong></span> 
     </span>
     <span class='ocr_line' id='line_1_35' title="bbox 167 3476 792 3547; baseline 0.002 -15"><span class='ocrx_word' id='word_1_209' title='bbox 167 3483 183 3532; x_wconf 86' lang='grc'>3</span> <span class='ocrx_word' id='word_1_210' title='bbox 203 3476 494 3531; x_wconf 82' lang='lat' dir='ltr'><strong>desiderantissimam</strong></span> <span class='ocrx_word' id='word_1_211' title='bbox 513 3480 543 3546; x_wconf 88' lang='lat' dir='ltr'><strong>(n</strong></span> <span class='ocrx_word' id='word_1_212' title='bbox 561 3495 629 3533; x_wconf 78' lang='lat' dir='ltr'><strong>eras.</strong></span> <span class='ocrx_word' id='word_1_213' title='bbox 644 3477 773 3547; x_wconf 82' lang='lat' dir='ltr'>M¹)M0</span> <span class='ocrx_word' id='word_1_214' title='bbox 783 3479 792 3547; x_wconf 81' lang='grc' dir='ltr'><strong>ΙΙ</strong></span> 
     </span>
    </p>
   </div>
   <div class='ocr_carea' id='block_1_5' title="bbox 0 0 1322 4032">
    <p class='ocr_par' dir='ltr' id='par_1_11' title="bbox 0 0 1322 4032">
     <span class='ocr_line' id='line_1_36' title="bbox 0 0 1322 4032; baseline 0 0"><span class='ocrx_word' id='word_1_215' title='bbox 0 0 1322 4032; x_wconf 95' lang='lat' dir='ltr'><strong> </strong></span> 
     </span>
    </p>
   </div>
  </div>
 </body>
</html>
