2614 4030
538 256 753 322 PRAEFATIO.
1112 265 1152 322 IX

128 416 264 476 aliorum
288 414 425 475 codicum
449 413 582 474 subsidio
605 417 759 475 niteretur.
801 413 903 493 Neque
927 433 996 475 vero
1021 415 1150 476 infitian-

128 505 206 566 dum
232 511 279 565 est
303 502 386 563 lacile
410 503 477 562 fieri
499 505 645 583 potuisse,
668 510 701 563 ut
719 503 750 562 hi
769 502 826 563 loci
845 505 876 564 iu
895 506 1045 565 communi
1068 504 1148 564 codi-

129 611 204 655 cum
228 600 402 653 nostrorum
425 591 583 670 archetypo
608 593 711 652 omissi
733 599 835 671 postea
859 611 895 652 ex
914 591 971 653 alio
990 593 1149 673 archetypo

131 685 168 743 in
191 689 279 762 parte
303 680 449 741 librorum
472 680 719 741 adscriberentur.

202 770 245 832 dc
270 770 307 829 de
330 768 525 848 epistularum
548 771 722 830 recensione
744 769 901 829 hactenus:
929 771 960 830 in
984 772 1148 831 carminum

129 868 219 922 textu
249 857 458 920 constituendo
486 857 609 918 candem
632 859 694 918 fere
719 876 807 937 quam
830 856 1051 937 Luetjobannus
1074 861 1150 920 viam

132 958 167 1010 et
189 951 339 1009 rationem
362 949 516 1025 ingressus
540 965 614 1007 sum.
660 946 733 1006 Nam
762 948 793 1007 in
822 953 888 1007 octo
912 946 1062 1027 prioribus
1087 967 1150 1009 car·

132 1037 285 1118 minibus,
313 1054 388 1115 quae
417 1053 552 1096 seorsum
575 1035 735 1116 prodiisse,
758 1044 792 1096 ut
814 1035 1014 1096 Mommsenus
1038 1043 1067 1096 et
1089 1036 1149 1097 Leo

133 1127 313 1205 admonent,
336 1124 472 1186 codicum
495 1142 613 1203 quoque
637 1124 811 1185 condicione
834 1124 990 1206 probatur,
1018 1125 1150 1187 codicem

131 1215 163 1276 M
186 1217 219 1276 in
238 1230 402 1294 permagno
421 1215 661 1292 gravissimarum
681 1212 915 1292 corruptelarum
933 1233 1058 1274 numero
1078 1233 1150 1275 non-

132 1303 217 1366 nulla
241 1321 312 1363 vera
335 1301 542 1382 praebentem,
566 1301 745 1380 ubicumque
769 1301 866 1384 licuit,
894 1309 1014 1364 secutus
1037 1311 1151 1363 cetero-

135 1396 198 1474 qui,
222 1391 366 1470 quicquid
389 1393 465 1451 ratio
484 1390 633 1470 postulare
652 1389 815 1472 videbatur,
839 1392 1043 1471 recipiendum
1062 1394 1152 1453 statui

133 1485 270 1560 itemque
294 1483 326 1540 in
349 1478 473 1559 reliquis
495 1481 654 1560 poematis,
677 1479 824 1558 siquidem
847 1479 948 1541 nullus
968 1480 1044 1541 liber
1066 1499 1150 1560 prae-

134 1573 256 1650 cipuam
275 1569 481 1630 auctoritatem
504 1567 606 1648 babet,
634 1567 712 1647 quod
736 1587 854 1648 quoque
878 1568 942 1629 loco
966 1572 1151 1648 aptissimum

133 1678 204 1720 esse
228 1657 386 1738 putabam,
410 1657 508 1735 selegi.

626 1864 667 1931 Π.

207 2013 359 2092 Sequitur,
382 2019 416 2072 ut
438 2011 474 2072 de
499 2011 684 2090 gravioribus
707 2011 790 2092 locis,
814 2014 857 2071 eis
881 2013 1078 2092 potissimum,
1101 2013 1153 2073 ubi

136 2123 151 2165 a
177 2101 384 2181 Luetjobanno
408 2100 566 2181 dissentio,
595 2101 698 2161 ordine
722 2103 824 2180 paucis
848 2100 1005 2181 disseram3
1034 2119 1091 2180 qua
1119 2121 1151 2162 re

62 2231 67 2240 ·
137 2191 239 2270 simul,
264 2190 342 2269 quod
366 2207 455 2268 supra
477 2192 508 2250 in
527 2191 665 2250 universa
684 2189 818 2250 codicum
838 2191 1042 2250 aestimatione
1062 2192 1152 2251 certis

138 2279 320 2360 quibusdam
339 2278 482 2357 exemplis
502 2279 676 2339 confirmare
696 2279 947 2339 brevitatiscausa
961 2279 1053 2339 ferme
1067 2297 1152 2358 prae-

136 2370 271 2448 termisi,
302 2374 447 2446 quatenus
476 2366 601 2445 singidis
629 2367 714 2427 libris
738 2367 826 2428 fidem
850 2367 959 2428 babere
983 2367 1152 2448 debeamus,

133 2460 232 2536 magis
256 2459 448 2537 perspicuum
470 2456 534 2516 fore
558 2474 653 2536 spero.

204 2545 295 2626 Epl,
316 2542 378 2626 l,l
404 2552 437 2606 ut
460 2563 528 2605 cum
548 2545 572 2603 Τ
592 2549 744 2620 fluxerint
762 2544 934 2626 scriberem,
958 2565 1023 2606 cum
1044 2547 1151 2606 ceteris

136 2634 284 2714 exemplis
309 2653 325 2694 a
348 2633 482 2694 Geislero
507 2627 570 2717 (‘de
593 2633 687 2713 Apoll.
706 2633 766 2694 Sid.
787 2630 905 2694 studiis’
926 2653 953 2714 p.
975 2629 1032 2718 74)
1057 2634 1151 2694 allatis

136 2730 304 2786 commotus
333 2741 399 2783 sum
427 2729 491 2782 tum
514 2725 674 2802 praecipue
698 2741 742 2802 ep.
762 2722 801 2803 ll,
821 2719 916 2803 10,2
941 2727 1018 2799 petis
1042 2732 1152 2797 autem,

134 2822 179 2895 ut,
201 2809 231 2874 se*
252 2816 309 2888 qut
330 2815 476 2873 versiculi
493 2815 568 2873 mibi
585 2815 745 2887 fluxerint,
766 2823 925 2888 postquam
944 2815 983 2872 ab
1003 2815 1152 2873 alterutro

136 2905 338 2974 discesserant,
362 2903 416 2962 bos
435 2947 508 2961 ....
525 2919 746 2977 pernumerem.
766 2933 809 2942 —
826 2898 869 2960 lb.
889 2898 909 2960 2
932 2899 1010 2978 quod
1028 2899 1151 2960 ltlomm-

136 3009 230 3051 senus
259 2991 428 3070 proposuit,
459 2989 533 3048 mihi
563 3007 681 3068 quoque
710 2991 742 3048 in
770 2994 898 3048 mentem
928 2995 1061 3069 venerat,
1094 2991 1152 3050 etsi

135 3078 228 3139 verba
257 3078 343 3138 aliter
373 3077 590 3156 distinguebam
619 3070 748 3160 (scilicet
776 3084 934 3139 oratorum
961 3081 1079 3139 simiam
1107 3078 1150 3138 di-

134 3167 206 3228 velli
233 3159 354 3249 nolim);
387 3166 439 3226 sed
466 3169 526 3227 iam
553 3169 584 3227 in
611 3167 720 3227 tradita
747 3165 874 3226 lectione
902 3167 1151 3245 acquiescendum

136 3275 204 3317 esse
237 3256 362 3316 confido.
392 3289 433 3296 -
466 3255 506 3316 lb.
532 3252 551 3316 3
579 3254 830 3335 Luetjobannum·¹
849 3262 969 3315 secutus
1001 3260 1152 3318 litterulas

136 3344 252 3426 addidi,
282 3347 352 3423 quia
381 3345 536 3404 notissima
565 3343 613 3404 illa
643 3343 755 3423 ellipsis
786 3337 837 3427 (cl.
860 3343 1066 3423 Engelbrecbt.
1091 3344 1108 3405 l.
1132 3343 1151 3404 l.

137 3453 166 3514 p.
187 3426 232 3516 5),
256 3439 399 3513 quantum
423 3433 560 3512 equidem
583 3432 656 3512 vidi,
685 3450 803 3512 semper
826 3433 862 3494 de
886 3451 944 3493 una
968 3431 1066 3512 aliqua
1090 3435 1150 3512 epi-

138 3521 228 3603 stula,
258 3541 317 3584 non
345 3522 381 3582 de
410 3525 521 3582 maiore
550 3539 673 3582 numero
702 3529 753 3583 aut
780 3541 869 3602 opere
897 3524 1036 3582 universo
1065 3540 1151 3582 usur-

139 3619 235 3690 patur.
260 3607 444 3693 -1,2,1
474 3618 545 3672 sont
573 3618 641 3690 post
668 3608 878 3673 huiuscemodi
904 3609 1012 3690 delevi3
1045 3611 1081 3671 cl.
1106 3629 1150 3689 ep.
