2610 4056
522 210 674 266 OARMEN
692 212 725 268 Il.

157 375 191 424 25
210 361 350 424 audacter
373 361 458 421 docto
483 379 581 422 coram
605 360 722 422 Victore
746 368 900 442 canentes,

274 456 326 510 aut
346 448 459 509 Phoebi
482 458 533 511 aut
555 457 653 511 vestro
678 453 731 529 qui
754 450 829 512 solet
852 469 903 511 ore
926 451 1020 533 loqui3

209 541 259 618 qui
282 539 352 598 licet
374 545 494 599 aeterna
518 541 557 600 sit
579 538 663 600 vobis
688 546 827 618 quaestor
849 542 881 600 in
904 540 984 620 aula,

274 634 428 688 aeternum
450 627 537 688 nobis
561 627 610 690 ille
633 631 775 707 magister
799 630 864 690 erit.

207 735 277 795 ergo
301 716 377 777 colat
400 719 498 778 variae
522 724 564 798 te,
587 719 740 798 princeps,
763 717 861 778 hostia
883 716 1014 798 liuguae3
1059 715 1062 721 ’

155 819 189 868 30
274 823 343 866 nam
366 823 441 866 nova
463 805 572 885 templa
594 806 651 866 tibi
673 813 794 886 pectora
817 814 919 867 nostra
942 808 1023 867 facis.

600 1050 641 1115 ll.
718 1066 722 1074 ’

491 1170 758 1230 PANEGYRIGUS.

250 1285 390 1365 Auspicio
414 1292 444 1347 et
465 1304 591 1347 numero
615 1286 726 1368 fasces,
749 1287 893 1367 Auguste,
918 1287 1064 1347 secundos
1174 1299 1176 1302 ⁴

207 1376 288 1453 erige
312 1381 341 1434 et
364 1374 508 1454 effulgens
531 1374 670 1436 trabealis
694 1375 771 1436 mole
794 1375 906 1436 metalli

207 1481 316 1524 annum
338 1462 434 1543 pande
458 1481 565 1524 novum
589 1464 693 1525 consul
715 1472 799 1525 vetus
823 1483 857 1525 ac
881 1467 944 1524 sine
968 1465 1046 1525 lastu

207 1552 339 1613 scribere
362 1552 410 1612 bis
433 1553 529 1634 fastis3
554 1571 732 1632 quamquam
755 1553 919 1614 diademate
943 1555 1057 1613 crinem

171 1654 187 1703 o
207 1641 360 1720 fastigatus
384 1660 433 1702 eas
458 1659 636 1721 umerosque
660 1661 696 1702 ex
719 1660 802 1702 more
826 1644 961 1721 priorum

150 1747 151 1750 ¹
206 1730 337 1790 includat
359 1730 486 1791 Sarrana
510 1730 653 1812 chlamys,
675 1739 705 1791 te
729 1733 808 1811 picta
831 1738 967 1809 togarum

205 1837 337 1898 purpura
360 1818 427 1898 plus
451 1821 560 1900 capiat,
584 1823 652 1899 quia
676 1838 725 1880 res
748 1827 794 1880 est
817 1837 935 1898 semper
958 1818 994 1879 ab
1018 1837 1089 1880 aevo

195 1925 274 1966 rara
297 1907 436 1986 frequens
460 1909 572 1970 consul.
614 1916 704 1989 tuque
729 1927 745 1969 o
770 1911 819 1970 cui
841 1908 954 1989 laurea,
976 1907 1059 1990 lane,

207 2014 303 2056 annua
327 1995 466 2078 debetur,
489 1998 582 2078 religa
604 2006 724 2078 torpore
748 1997 843 2059 soluto

103 2137 106 2143 .
155 2087 310 2163 loquaris
333 2085 437 2146 fronde
461 2105 572 2168 comas,
597 2087 694 2148 subita
716 2105 771 2147 nec
794 2086 860 2148 luce
882 2103 1023 2166 pavescas

206 2175 350 2252 principis
374 2181 425 2234 aut
447 2192 548 2235 rerum
567 2176 670 2236 credas
694 2175 839 2237 elementa
862 2177 982 2236 moveri.

206 2260 249 2322 nil
271 2270 375 2322 natura
398 2269 498 2322 novat:
522 2263 566 2323 sol
589 2264 637 2325 hic
660 2283 778 2344 quoque
801 2267 882 2325 venit
905 2263 940 2324 ab
965 2271 1040 2324 ortu.

206 2351 255 2411 hic
279 2357 338 2433 est,
361 2368 378 2410 o
401 2369 555 2434 proceres,
578 2355 663 2431 petiit
687 2372 776 2432 quem
798 2352 923 2413 Romula
945 2354 1039 2413 virtus

207 2447 236 2500 et
260 2458 348 2519 quem
371 2447 469 2501 vester
492 2459 589 2521 amor3
613 2443 662 2501 cui
685 2459 717 2501 se
741 2460 796 2502 ceu
819 2445 895 2502 victa
918 2440 1057 2520 procellis

156 2541 188 2590 to
208 2536 294 2608 atque
319 2547 422 2590 carens
446 2536 562 2590 rectore
586 2531 658 2590 ratis
681 2529 849 2609 respublica
872 2531 996 2589 fractam

206 2617 320 2697 intulit,
343 2625 376 2678 ut
399 2618 488 2696 digno
511 2618 618 2679 melius
641 2617 786 2679 flectenda
809 2620 965 2698 magistro,

208 2725 246 2767 ne
268 2714 474 2788 tempestates,
496 2726 534 2767 ue
557 2715 600 2788 te,
622 2709 730 2788 pirata,
753 2709 880 2768 timeret.

208 2803 237 2855 te
261 2813 349 2874 prece
372 2795 500 2857 ruricola
525 2798 660 2878 expetiit,
682 2804 712 2857 te
736 2796 854 2856 loedere
878 2797 996 2856 iunctus

208 2884 350 2965 adsensu,
372 2891 401 2945 te
426 2892 522 2946 castra
544 2885 638 2968 tubis,
662 2892 691 2946 te
715 2887 797 2946 curia
820 2883 939 2964 plausu,

156 2986 190 3035 20
209 2980 239 3034 te
262 2975 381 3052 punctis
406 2977 553 3053 scripsere
577 2974 673 3035 trihus
698 2973 867 3053 collegaque
890 2974 973 3032 misit

208 3070 238 3123 te
262 3062 348 3122 nobis
372 3081 556 3142 regnumque
580 3064 649 3146 tihi;
673 3063 811 3142 suffragia
834 3069 879 3123 tot
901 3067 984 3142 sunt,
1084 3119 1086 3124 .

209 3159 318 3230 quanta
341 3150 412 3231 legit
434 3152 571 3213 mundus.
617 3153 724 3231 fateor,
747 3152 960 3230 trepidavimus
984 3167 1101 3231 omneS,

208 3259 246 3301 ue
270 3239 358 3301 vellet
381 3241 490 3320 collega
513 3243 580 3320 pius
604 3243 777 3321 permittere
800 3247 867 3301 voto

190 3429 204 3482 Ι
223 3435 256 3484 25
275 3428 390 3486 Victore
409 3430 573 3514 Simoodos
592 3427 783 3556 Piplaalore
802 3429 855 3499 Pil,
877 3428 986 3483 victure
1004 3427 1046 3496 M,
1063 3426 1130 3510 ¹doe-

120 3502 181 3644 popp
199 3500 296 3641 {iffi
298 3503 313 3627 q
324 3508 371 3628 231
378 3501 498 3644 thbet
514 3502 602 3558 Pam
611 3505 620 3572 11
679 3507 693 3556 1
714 3501 836 3556 secundo
854 3501 903 3570 Pl
918 3506 948 3555 1r
969 3515 1021 3554 noc
1040 3500 1081 3555 bae
1097 3499 1135 3552 M
