2610 4056
183 241 353 298 SIDONIUS
373 241 517 298 DOMINO
536 240 654 296 PAPAE
674 241 864 297 NUNEOHIO
883 241 1059 299 SALUTEM.
1099 241 1161 306 197

612 457 700 523 XIII.

218 597 387 654 SIDONIUS
405 596 550 652 DOMINO
568 597 687 652 PAPAE
707 596 898 653 NUNEOHIO
918 596 1096 651 SALUTEM.

220 728 247 791 1.
271 728 360 790 Multa
383 731 415 788 in
437 736 467 789 te
491 746 599 808 genera
621 731 778 809 virtutum,
800 747 876 808 papa
898 728 1077 809 beatissime,
1099 747 1163 789 mu-

153 836 225 879 nere
249 835 377 898 superno
397 825 536 896 congesta
555 817 724 896 gaudemus.
763 817 909 896 siquidem
928 835 1014 896 agere
1033 819 1164 878 narraris

153 909 217 968 sine
242 906 382 987 superbia
404 905 535 967 nobilem
559 908 623 966 sine
647 906 757 966 invidia
779 913 944 988 potentem,
972 907 1036 966 sine
1060 924 1163 985 super-

154 998 274 1056 stitione
302 995 476 1074 religiosum
508 997 573 1055 sine
603 997 741 1056 iactantia
767 994 943 1077 litteratum,
967 997 1030 1055 sinc
1054 997 1164 1074 ineptia
1192 1011 1206 1052 a

87 1085 91 1094 '
154 1099 274 1164 gravem
306 1087 370 1144 sine
403 1083 501 1146 studio
533 1084 674 1165 facetum,
704 1086 768 1144 sine
797 1081 954 1164 asperitate
982 1090 1165 1144 constantem

157 1176 221 1234 sinc
244 1172 439 1252 popularitate
464 1190 658 1246 communem.
706 1170 911 1252 2.'praeterea
932 1173 980 1233 his
1003 1173 1059 1233 hoc
1081 1191 1166 1253 prae-

159 1263 389 1324 stantissimum¹
406 1261 492 1322 bonis
524 1262 601 1322 fama
633 1268 855 1342 superaggerat,
888 1262 965 1340 quod
998 1269 1027 1322 te
1060 1264 1167 1322 asserit

156 1351 244 1411 hasce
263 1356 306 1411 tot
321 1352 429 1430 gratias
448 1351 686 1429 fastigatissimae
706 1353 836 1411 caritatis
855 1369 923 1411 arce
941 1350 1165 1431 transcendere3

151 1441 243 1521 fama,
273 1442 409 1521 inquam,
442 1457 517 1518 quae
548 1439 584 1500 dc
612 1435 749 1499 laudibus
776 1442 836 1500 tuis
868 1457 934 1500 cum
958 1446 1043 1500 canat
1065 1439 1165 1520 multa,
1180 1457 1205 1496 ιο

153 1528 220 1608 plus
253 1531 367 1589 reticet.
413 1546 482 1589 nam
513 1527 630 1607 longius
665 1530 833 1589 constitutis
867 1531 1015 1589 actionum
1047 1535 1166 1589 tuarum

152 1618 338 1697 propositum
361 1624 459 1697 potest
482 1619 642 1697 assignare,
665 1635 725 1678 non
744 1635 910 1678 numerum.
947 1635 1072 1696 quarum
1090 1617 1165 1678 rela-

151 1708 232 1766 tione
257 1724 419 1767 succensus
442 1705 521 1766 ultro
544 1707 672 1786 primus,
704 1713 737 1767 ut
767 1706 853 1785 longe
876 1706 1048 1766 inferiorem
1072 1706 1166 1786 decet,

152 1795 187 1854 ad
221 1794 359 1856 solvenda
387 1795 483 1855 officia
511 1812 655 1875 procurro
684 1813 739 1856 nec
767 1813 873 1857 vereor
900 1795 1080 1874 garrulitatis
1112 1794 1164 1854 ali-

152 1883 269 1961 quando
302 1886 399 1965 argui,
429 1885 481 1962 qui
511 1886 595 1962 potui
624 1886 834 1944 taciturnitatis
863 1884 1017 1962 hucusque
1041 1883 1162 1962 culpari.
1179 1901 1204 1942 15

153 1969 182 2032 3.
207 1972 380 2033 commendo
400 1972 572 2033 Promotum
590 1972 725 2052 gerulum
743 1972 919 2054 litterarum,
936 1972 1020 2033 vohis
1045 1972 1165 2051 quidem

151 2068 219 2121 ante
249 2062 308 2120 iam
336 2063 506 2142 cognitump
533 2061 585 2122 sed
612 2069 748 2123 nostrum
774 2080 870 2142 nuper
898 2062 1035 2123 ellectum
1057 2063 1164 2123 vestris

151 2149 334 2210 orationibus
358 2149 569 2231 contribulem3
597 2153 648 2230 qui
677 2170 744 2212 oum
769 2154 808 2211 sit
835 2158 921 2230 gente
944 2151 1083 2231 Iudaeus,
1106 2150 1164 2211 fide

150 2247 250 2299 tamen
272 2238 433 2319 praeelegit
453 2241 570 2300 censeri
587 2239 720 2302 lsraelita
739 2259 828 2318 quam
847 2243 998 2321 sanguine,
1017 2246 1047 2300 et
1065 2242 1164 2301 muni-

151 2331 282 2406 cipatum
314 2327 450 2389 caelestis
478 2327 558 2388 illius
592 2331 718 2389 civitatis
747 2329 887 2390 affectans
920 2329 1163 2408 occidentemque
1177 2347 1204 2386 ao

151 2417 281 2477 litteram
314 2419 422 2496 spiritu
453 2417 618 2477 vivificante
651 2418 818 2498 fastidiam,
850 2421 963 2497 pariter
989 2418 1048 2478 huc
1075 2419 1162 2479 iustis

150 2508 281 2585 praemia
295 2508 447 2586 proposita
461 2505 673 2587 contemplans,
686 2506 754 2587 huc,
768 2508 828 2566 nisi
842 2506 952 2567 faceret
966 2507 1002 2567 ad
1013 2506 1163 2568 Christum

152 2595 189 2654 de
213 2597 442 2655 circumcisione
461 2594 667 2675 transfugium,
690 2594 865 2674 praevidens
885 2613 951 2655 sese
970 2614 1025 2673 per
1043 2603 1163 2656 aeterna

152 2682 269 2743 saecula
292 2686 464 2762 aequiterna
489 2682 634 2763 supplicia
656 2701 822 2764 passurum,
840 2685 965 2762 patriam
986 2683 1042 2743 sibi
1060 2683 1164 2743 maluit

151 2769 337 2831 Hierusalem
356 2774 455 2851 potius
475 2790 562 2850 quam
581 2771 817 2851 Hierusolymam
836 2773 1008 2852 computari.
1044 2770 1075 2833 4.
1099 2773 1163 2850 qui·
1178 2787 1204 2828 ro

153 2857 210 2918 hus
244 2861 351 2936 agnitis
384 2861 591 2921 adventantem
619 2860 752 2923 Abrahae
785 2879 864 2921 nunc
896 2859 989 2920 filium
1017 2862 1164 2921 veriorem

152 2949 294 3007 maternis
317 2947 397 3008 ulnis
421 2949 563 3028 spiritalis
587 2949 675 3010 Sarra
699 2951 850 3028 suscipiat.
886 2967 1013 3027 namque
1032 2949 1069 3009 ad
1087 2948 1164 3027 Agar

150 3034 287 3097 ancillam
319 3038 470 3115 perimere
498 3045 570 3098 tunc
598 3038 699 3120 desiit,
732 3057 798 3101 cum
826 3037 928 3117 legalis
961 3037 1162 3098 observantiae

152 3127 325 3186 servitutem
349 3127 459 3204 gratiae
483 3124 619 3186 libertate
642 3130 773 3189 mutavit.
815 3127 851 3188 de
875 3135 983 3208 cetero,
1007 3145 1081 3206 quae
1106 3128 1164 3205 ipsi

113 3325 116 3332 ·
223 3318 237 3367 1
257 3312 395 3369 menochio
415 3314 484 3369 ΕΜ
487 3313 515 3382 0,
538 3310 694 3369 nonnechio
716 3317 741 3370 Τ
760 3319 770 3384 ΙΙ
793 3323 808 3370 9
829 3316 904 3388 arce]
924 3314 1004 3385 apice
1028 3315 1161 3371 Wilamo-

150 3387 213 3441 wita
226 3387 236 3454 l
251 3393 284 3440 16
302 3385 383 3440 vobis
394 3385 421 3439 L
433 3391 459 3440 et
474 3393 554 3453 (corr.
565 3387 597 3441 c'n
609 3385 691 3441 nobis
701 3387 798 3455 ituit,
817 3386 898 3442 nobis
909 3387 945 3440 M
949 3387 1001 3441 OT
1011 3389 1020 3456 ΙΙ
1036 3392 1068 3441 19
1083 3402 1162 3456 prae-

151 3455 224 3526 legit
242 3456 269 3510 L
287 3463 313 3513 et
336 3461 416 3525 (corr.
435 3459 467 3512 tn
489 3456 647 3526 praeelegit
665 3458 767 3526 M¹)M
786 3462 795 3528 tl
817 3464 851 3512 21
871 3457 925 3512 huc
943 3458 970 3512 L
989 3464 1013 3513 et
1032 3461 1112 3526 (corr.
1131 3459 1163 3512 ln

149 3526 217 3652 llpinc
235 3528 339 3654 ἐξὲξ,
368 3527 433 3582 hine
452 3528 490 3583 Μ
494 3528 545 3583 OT
570 3532 579 3600 {l
607 3535 640 3584 22
658 3529 714 3583 huc
732 3530 759 3584 L
781 3536 807 3586 et
828 3535 909 3596 (corr.
927 3529 959 3584 iu
981 3527 1046 3584 hinc
1065 3529 1162 3598 NpN,

170 3599 216 3652 ino
339 3603 348 3670 {l
