2610 4056
155 153 221 224 194
379 101 385 112 ⁸
509 152 618 208 neena
637 151 810 208 ocravus.

155 303 276 384 quidem
307 309 388 363 terra
419 301 487 364 taho
515 302 678 372 madefacta
707 301 847 383 deciduo,
870 303 939 380 quia
962 309 1030 388 post
1052 302 1176 366 lacinus

154 395 214 473 ipsi
236 391 366 458 latrones
389 391 426 454 ad
448 393 651 471 pavimentum
675 409 818 455 conuersa
840 389 972 459 defuncti
991 410 1043 452 ora
1059 409 1174 471 prona

153 488 267 563 rerunt,
281 488 431 559 tamquam
445 482 600 560 sanguinis
615 499 683 544 eum
702 486 930 559 superaestuans
949 480 1048 546 iluxus
1066 483 1172 549 exima-

154 573 257 638 nisset.
304 569 356 632 sed
391 571 528 649 protinus
565 576 649 648 capto
688 571 739 648 qui
775 569 872 632 fuerat
902 570 998 648 ipsius
1030 569 1172 638 laedonis

128 677 141 718 5
155 660 249 723 lomes
259 661 395 723 incentor
405 660 617 737 antesignanus
632 659 800 736 ceterisque
810 657 1004 738 complicibus
1015 660 1171 738 oppressis

156 765 350 826 seorsumque
383 746 527 815 discussis
561 748 699 816 criminis
733 749 888 814 toritatem
926 747 961 807 de
994 747 1172 826 pectothus

155 839 256 898 inritis
288 842 505 899 tormentorum
538 842 637 898 terror
669 837 803 900 extraxit.
851 832 901 896 13.
934 842 1021 915 atque
1053 838 1172 903 utinam

154 926 234 992 hunc
261 926 366 1005 linem,
398 924 471 994 dum
497 921 664 986 inconsulte
691 925 786 988 fidens
814 943 888 994 vana
916 924 1075 1005 consultat,
1107 943 1172 986 non

154 1016 316 1082 meruisset
334 1011 485 1094 excipere!
522 1032 591 1080 uam
614 1016 740 1093 quisqam
759 1015 992 1092 praesumpserit
1010 1014 1173 1078 interdieta

114 1124 142 1164 ao
156 1109 271 1170 secreta
294 1105 384 1168 uetita
406 1105 524 1184 rimari,
550 1121 656 1165 vereor
678 1102 849 1166 huiusmodi
873 1121 891 1164 a
912 1101 1073 1166 catholicae
1096 1103 1169 1165 fidei

155 1191 267 1274 regulis
295 1190 529 1260 exorbitaturum
561 1199 591 1252 et
620 1191 700 1256 effici
729 1191 868 1272 dignum,
897 1193 928 1251 ln
951 1198 1060 1262 statum
1082 1193 1174 1256 cuius
1293 1209 1294 1216 ¹

156 1281 391 1360 respondeantur
414 1279 550 1361 adversa,
577 1279 647 1342 dum
674 1281 869 1359 requiruntur
900 1279 1022 1350 inlicita.
1068 1287 1173 1348 secuta

157 1368 279 1448 quidem
296 1376 343 1430 est
360 1369 433 1432 ultio
454 1371 626 1450 extinctum,
645 1369 697 1430 sed
711 1371 806 1448 magis
820 1376 946 1449 prosunt
965 1371 1021 1438 ista
1034 1371 1172 1434 victuris.

157 1476 225 1518 nam
255 1460 392 1537 quotiens
424 1457 572 1524 homicida
601 1460 738 1539 punitur,
769 1475 830 1520 uon
858 1465 904 1520 est
926 1459 1091 1524 remedium
1115 1459 1171 1522 sed

116 1567 142 1610 15
157 1546 298 1608 solacium
320 1547 472 1608 vindicari.
512 1544 562 1608 14.
585 1546 770 1626 longiuscule
789 1565 837 1612 mc
854 1547 995 1627 progredi
1013 1565 1095 1610 amor
1113 1549 1172 1608 im-

155 1635 347 1717 pulit,'cuius
371 1653 511 1715 angorem
535 1635 653 1701 silentio
676 1635 816 1702 exhalare
836 1655 896 1716 nop
919 1635 1004 1697 valui.
1039 1644 1074 1699 tu
1090 1638 1171 1698 iute-

155 1727 222 1807 rim,
245 1727 272 1786 si
295 1725 366 1804 quid
389 1727 457 1786 istic
481 1727 601 1804 cognitu
624 1725 755 1806 dignum,
775 1727 852 1792 citus
875 1726 983 1805 indica,
1006 1725 1104 1786 saltim
1128 1725 1169 1785 oh

154 1814 211 1876 hoo
234 1813 382 1896 scribens,
401 1821 434 1875 ut
457 1816 589 1882 animum
610 1832 711 1884 meum
733 1813 916 1878 tristitudine
940 1832 1059 1893 gravem
1077 1813 1169 1875 lectio

154 1902 240 1964 levet.
284 1920 412 1982 namque
440 1903 562 1966 confuso
590 1905 705 1982 pectori
731 1921 863 1984 maeror,
889 1909 920 1964 et
947 1903 1068 1982 quidem
1091 1905 1171 1985 iure,

113 2015 141 2054 eo
154 1991 300 2072 plurimus
324 1999 396 2072 erat,
419 2009 487 2054 cum
509 1993 625 2072 paginis
647 1994 706 2052 ista
724 1995 941 2059 committerem
960 1991 1029 2054 sola.
1068 2010 1168 2072 neque

156 2083 235 2142 enim
259 2082 330 2141 satis
353 2080 426 2146 mihi
445 2079 525 2140 ahud
542 2079 599 2142 hoc
617 2087 750 2160 tempore
774 2099 863 2144 manu
882 2099 1019 2143 sermone
1044 2081 1171 2142 consilio

156 2169 288 2232 scribere
312 2167 394 2248 loqui
416 2168 533 2230 volvere
556 2168 637 2233 libet.
680 2169 751 2230 vale,

625 2412 698 2484 XII.

334 2533 503 2591 smouxus
520 2534 704 2598 raxcuuo
725 2535 794 2592 suo
813 2534 990 2591 saturnu.

225 2662 253 2728 1.
276 2665 440 2727 Tantumne
459 2673 488 2726 te
507 2666 657 2727 Vasatium
675 2669 778 2728 civitas
797 2685 856 2727 non
882 2669 1005 2747 caespiti
1028 2669 1168 2745 imposita

116 2775 143 2834 es
157 2755 209 2817 sed
241 2755 369 2835 pulveri,
396 2762 511 2815 tautum
540 2755 674 2834 Syrticus
707 2774 776 2834 ager
808 2774 841 2816 ac
871 2774 978 2834 vagum
1011 2755 1106 2817 solum
1140 2763 1170 2818 et

156 2844 289 2906 volatiles
312 2846 408 2905 ventis
432 2843 641 2906 altercantibus
663 2844 792 2905 harenae
816 2843 874 2904 sihi
896 2845 1065 2926 possident,
1086 2852 1120 2906 ut
1137 2853 1170 2906 te

157 2936 272 3014 magnis
290 2932 453 3012 flagitatum
471 2933 620 3014 precihus,
634 2935 733 3012 parvis
753 2940 920 3013 separatum
940 2936 1052 3015 spatiis,
1066 2934 1169 2995 multis

158 3029 359 3103 exspectatum
382 3021 486 3084 diebus
511 3021 666 3084 adtrahere
693 3021 880 3101 Burdigalam
908 3041 969 3084 non
996 3030 1169 3106 potestates,

157 3129 217 3171 non
249 3113 410 3192 amicitiae,
442 3129 501 3172 non
529 3112 656 3190 opimata
683 3113 802 3171 vivariis
830 3118 928 3172 ostrea
956 3108 1086 3191 queant?
1131 3131 1168 3173 an

229 3305 245 3354 8
264 3299 352 3354 fidens
371 3300 561 3367 Wilamoeoita,
579 3299 648 3353 fides
667 3300 743 3355 codd.
760 3302 765 3368 Ι
781 3299 861 3354 varia
879 3300 906 3354 L
919 3304 928 3370 ΙΙ
943 3305 976 3355 10
990 3307 1054 3372 post
1071 3299 1168 3354 huius-

75 3419 80 3432 ,
157 3369 235 3424 modi
253 3372 317 3426 add.
335 3369 478 3424 hominem
491 3371 676 3440 Lcetjotawc,
694 3373 823 3439 frustrati
838 3376 871 3423 11
891 3371 969 3426 ouius
988 3389 1056 3428 corr.
1071 3373 1104 3426 cic
1123 3371 1168 3425 cni

160 3442 215 3511 G²i
231 3447 263 3494 12
282 3439 461 3508 requirunt-ur
479 3441 545 3497 LN
547 3443 579 3510 T,
597 3442 777 3510 requirantur
794 3443 858 3497 Mo
872 3444 881 3512 ii
901 3447 934 3496 16
954 3442 1086 3497 exhalare
1105 3443 1167 3510 Le,

159 3527 193 3565 ex
206 3528 277 3567 *a*
290 3511 386 3566 halare
412 3515 440 3579 (3
461 3513 511 3568 litt.
530 3529 598 3568 eras.
614 3513 723 3584 M¹)M,
747 3513 893 3568 extorbele
910 3515 937 3568 T
956 3516 965 3584 {i
987 3519 1022 3568 29
1042 3513 1169 3570 amicitie
