2610 4056
328 206 496 262 SfflONlUS
514 205 700 262 TRYGETIO
718 205 789 262 SUO
806 207 983 263 SALUTEM.
1097 208 1161 274 195

149 355 336 436 temporibus
359 355 493 416 hibernis
516 357 631 416 riarum
653 363 683 416 te
707 355 795 416 dubia
819 357 1003 436 suspendunt
1027 365 1068 438 et,
1092 361 1161 438 quia

151 445 226 508 solet
248 444 420 524 Bigerricus
442 444 532 506 turbo
559 443 713 506 mobilium
741 462 882 524 aggerum
904 446 1014 507 indicia
1037 447 1160 508 confun-

148 535 229 615 dere,
252 533 400 614 quoddam
421 536 536 594 cereris
559 535 590 594 in
612 535 719 594 itinere
742 540 863 594 terreno
881 534 1019 614 pedestre
1042 536 1160 597 naufra-

148 619 251 702 gium?
297 619 326 683 2.
349 621 415 704 ubi,
442 641 635 703 quaesumus,
663 624 760 684 animo
783 629 844 683 tam
867 622 1005 685 celeriter
1032 627 1160 686 excessit

148 713 283 790 vestigiis
304 713 366 772 tuis
387 729 484 791 nuper
507 710 627 773 subacta
656 707 777 791 Calpis?
820 711 873 774 ubi
896 713 952 772 fixa
977 715 1105 773 tentoria
1128 715 1159 774 in
1185 731 1198 772 a

148 801 280 862 occiduis
304 800 413 862 finibus
432 797 665 862 Gaditanorum?
700 800 752 862 ubi
769 800 819 861 ille
839 801 977 882 Trygetio
995 819 1062 862 meo
1080 803 1159 863 idem

147 892 199 970 qui
220 889 343 950 Herculi
366 889 514 969 quondam
531 891 679 951 terminus
697 886 931 969 peregrinandi?
969 897 1123 952 tantumne
1143 909 1159 952 a

146 986 177 1040 te
199 981 267 1058 ipso
289 980 353 1058 ipse
376 986 410 1039 tu
433 978 598 1060 discrepas,
625 985 658 1039 ut
684 986 764 1039 totus
791 981 824 1040 in
847 979 977 1040 desidiae
1001 981 1067 1040 iura
1089 998 1158 1040 con·

146 1070 288 1147 cesseris,
321 1085 379 1146 uuo
408 1074 584 1146 peragrante
617 1074 730 1128 secreta
767 1070 922 1146 regionum
958 1067 1158 1129 fabulosarum

144 1159 230 1237 prius
253 1155 347 1217 defuit
365 1158 443 1217 actio
460 1155 570 1217 laboris
590 1173 677 1234 qrram
696 1156 876 1235 fatigationis
895 1153 1043 1218 intentio?
1079 1155 1108 1218 3.
1128 1164 1158 1218 et
1173 1177 1199 1218 rc

144 1252 213 1325 post
238 1245 311 1306 haec
338 1253 458 1325 portum
484 1244 638 1324 Alingonis
665 1253 725 1306 tam
748 1247 834 1325 piger
857 1245 966 1327 calcas,
996 1265 1029 1306 ac
1054 1248 1079 1306 si
1101 1245 1157 1307 tibi

144 1353 224 1395 nunc
248 1341 328 1394 esset
350 1333 387 1394 ad
410 1333 535 1395 limitem
558 1333 744 1396 Danuvinum
767 1341 870 1395 contra
892 1337 1063 1396 incursaces
1080 1334 1155 1396 llas-

145 1431 260 1502 sagetas
283 1423 541 1504 proficiscendum,
559 1421 606 1484 rel
625 1425 651 1482 si
669 1441 749 1484 nunc
768 1425 858 1484 etiam
875 1430 942 1486 tuae
965 1426 1033 1484 navi
1052 1430 1154 1502 stagna

144 1511 282 1572 Nilotidis
310 1530 403 1592 aquae
425 1511 657 1592 perindigemus
680 1511 837 1572 formidata
860 1512 1035 1574 crocodillos
1058 1520 1154 1574 trans·

143 1601 332 1663 fretarentur.
378 1607 408 1661 et
442 1619 510 1662 eum
539 1619 595 1662 nec
624 1601 781 1662 duodecim
812 1601 928 1662 milium
961 1601 1079 1662 obiectu
1112 1603 1155 1662 sic
1171 1620 1197 1661 1⁵

143 1689 314 1771 retarderis,
337 1689 422 1771 quid,
444 1697 596 1771 putamus,
619 1708 687 1750 cum
710 1685 845 1751 ex‘ercitu
865 1690 957 1751 Marci
980 1689 1099 1750 Catonis
1123 1693 1155 1750 in

141 1778 296 1858 Leptitana
312 1773 414 1858 *Syrte
438 1774 584 1840 fecisses?
628 1777 659 1840 4.
687 1778 740 1840 sed
769 1778 932 1858 quamlibet
959 1777 1020 1839 sola
1042 1778 1153 1840 hiema-

140 1867 215 1928 lium
243 1886 401 1928 mensuum
429 1869 549 1928 nomina
581 1874 705 1948 tremas,
734 1875 795 1928 tam
827 1867 957 1928 clemens
990 1875 1035 1927 est
1062 1867 1153 1928 facies
1222 1887 1225 1894 ·

141 1956 224 2037 caeli,
242 1963 304 2017 tam
321 1956 429 2038 tepida,
447 1963 506 2024 tam
527 1956 599 2017 suda
619 1963 648 2018 et
667 1959 710 2018 sic
734 1973 820 2018 acuas
838 1975 923 2036 mage
942 1975 1031 2035 quam
1049 1962 1153 2016 ventos

140 2044 242 2126 habet,
272 2053 305 2106 ut
334 2053 364 2106 te
393 2063 453 2106 non
482 2044 577 2106 valeat
606 2048 725 2106 enixius
753 2048 884 2106 retinere
916 2053 1034 2124 tempus
1064 2058 1152 2124 quam
1167 2065 1194 2106 rc

140 2137 265 2198 invitare
289 2136 457 2213 temperies.
499 2134 552 2196 sed
576 2136 602 2195 si
625 2134 782 2215 epistulam
806 2137 923 2214 spernis
946 2137 1153 2215 evocatoriam,

141 2223 240 2304 credo,
262 2222 309 2284 vel
331 2223 467 2284 versibus
490 2241 550 2284 non
569 2223 777 2305 reluctaberis,
800 2223 1013 2303 impulsoribus
1035 2222 1152 2284 blandis

141 2321 171 2373 et
194 2312 337 2373 desiderii
358 2315 429 2394 mei,
451 2319 594 2392 quantum
617 2315 761 2394 suspicor,
781 2314 911 2374 strenuis
934 2311 1152 2394 executoribus,

140 2419 267 2480 quorum
285 2405 317 2468 in
335 2410 364 2462 te
384 2408 480 2462 castra
494 2409 562 2480 post
579 2400 704 2463 biduum
722 2401 992 2463 commovebuntur.
1033 2396 1063 2462 5.
1083 2419 1152 2461 ecce

139 2488 281 2552 Leontius
300 2508 395 2571 meus,
412 2489 498 2551 facile
512 2492 628 2569 primus
646 2490 870 2571 aquitanorum,
885 2508 953 2552 ecee
968 2493 1027 2550 iam
1044 2508 1149 2568 parum
1165 2507 1191 2548 es

139 2580 263 2640 inferior
285 2586 409 2659 parente
432 2578 573 2640 Paulinus
601 2579 637 2639 ad
664 2578 762 2639 locum
787 2597 875 2658 quem
899 2597 988 2657 supra
1011 2578 1074 2638 dixi
1096 2596 1150 2656 per

139 2666 294 2730 Garunnae
329 2668 439 2729 fluenta
469 2667 625 2729 refluentia
656 2686 716 2729 non
747 2668 834 2729 modo
866 2667 922 2726 tibi
955 2685 1022 2727 cum
1055 2665 1149 2726 classe

139 2774 242 2816 verum
274 2758 361 2816 etiam
398 2775 467 2817 cum
498 2756 620 2818 flumine
655 2762 821 2818 occurrent.
867 2755 917 2815 bie
945 2762 1011 2816 tuas
1045 2753 1148 2814 laudes

137 2844 304 2906 modificato
328 2844 489 2906 celeumate
513 2845 601 2906 simul
623 2847 702 2908 iuter
723 2851 853 2905 transtra
876 2845 1018 2925 remiges,
1041 2842 1148 2922 guber-

138 2940 257 2993 natores
279 2935 357 2992 inter
380 2933 521 3012 aplustria
545 2942 660 2996 canent,
705 2933 755 2994 hic
783 2940 814 2993 te
837 2932 1008 2992 aedificatus
1032 2930 1147 2993 culcitis
1162 2951 1188 2991 ec

137 3142 167 3207 (a
185 3155 253 3194 corr,
272 3139 304 3193 iu
322 3153 355 3192 ae
374 3138 475 3208 M¹)M
479 3139 504 3192 T
528 3142 538 3206 ss
565 3138 673 3193 caolet
696 3140 745 3208 lep.
766 3143 831 3208 pert
854 3136 1023 3191 confundere
1041 3139 1073 3192 ie
1094 3138 1117 3192 d
1140 3138 1149 3211 ll

138 3215 153 3264 3
172 3208 352 3279 naufragium
370 3209 500 3278 pedestre
521 3209 544 3264 O
554 3211 563 3276 ΙΙ
579 3215 611 3264 13
630 3208 697 3264 navi
711 3209 738 3263 L
755 3216 781 3265 et
801 3211 880 3275 (corr.
899 3210 932 3262 c'e
949 3224 1034 3263 naves
1049 3207 1149 3278 N‘)N,

135 3296 222 3335 naves
236 3283 277 3350 (es
291 3283 323 3336 in
336 3298 390 3336 rao.
408 3281 443 3335 V¹
449 3281 507 3348 Μ’)
518 3279 584 3335 VM
588 3281 611 3335 d
615 3282 660 3350 Tl
675 3285 709 3335 14
721 3279 972 3334 transfretarentur
986 3278 1013 3332 L
1026 3285 1051 3334 et
1066 3282 1147 3348 (corr.

136 3352 402 3416 ie,trensfretarent
419 3353 453 3406 N
455 3354 474 3421 ¹)
481 3352 518 3422 N,
537 3351 754 3406 transfretarent
776 3351 844 3406 VM
849 3350 901 3406 OT
911 3352 921 3420 u
937 3356 969 3404 17
989 3350 1050 3420 sed]
1071 3350 1106 3404 de
1122 3350 1149 3404 L

135 3424 196 3548 lp18
213 3440 361 3478 mensuum
374 3422 575 3505 ¹L‚·mensium
594 3423 628 3477 N
634 3423 699 3478 VM
702 3424 774 3504 οΤἸΙ
788 3427 821 3505 tl
841 3421 962 3475 inritare
981 3421 1045 3490 ΕΤ,
1065 3421 1147 3502 mini-

136 3510 197 3620 ἐξ
215 3494 357 3622 ἒῑῗαὲεέ
371 3497 491 3638 lpntllllam
510 3512 530 3550 s.
551 3496 567 3550 l.
587 3495 651 3550 cdd.
671 3494 729 3564 M1,
752 3495 974 3560 mutaremus,
997 3492 1043 3547 vel
1065 3510 1147 3546 mim·

934 3653 988 3709 13*
