2660 4030
175 187 239 252 164
361 245 363 252 ,
520 184 627 238 LIBER
645 184 829 240 SEPTIMUS.

173 344 225 398 aut
256 335 441 415 suspiciosus
472 335 648 414 nequitiam,
685 341 736 395 aut
771 336 884 413 peritus
922 333 1098 394 calumniam
1134 342 1186 394 aut

173 426 330 504 imperitus
361 422 520 483 infamiam.
554 422 771 502 simplicitatem
808 422 960 484 columbae
992 425 1024 482 in
1059 421 1187 483 ecclesia

174 519 285 594 servat,
316 514 348 571 in
371 512 435 571 foro
459 514 607 590 serpentis
630 515 781 592 astutiam3
812 510 900 572 bonis
922 510 1066 590 prudens,
1098 511 1185 571 malis

175 608 288 682 cautus,
315 602 430 661 neutris
460 600 582 661 callidus
613 600 768 662 iudicatur.
814 597 843 662 5.
868 601 939 680 quid
961 597 1067 678 plura?
1089 606 1185 660 totum

146 699 203 752 ste
226 689 312 751 nobis
336 689 386 749 ille
410 691 468 749 iam
491 688 633 770 reddidit3
656 696 749 751 totam
767 696 849 750 tuam
867 691 1094 768 temperantiam
1116 688 1186 749 reli·

173 781 299 860 gionem,
321 777 490 838 libertatem
521 778 731 839 verecundiam
753 785 783 838 et
806 777 885 838 illam
911 776 1052 838 delicatae
1075 780 1186 838 mentis

172 869 395 949 pudicissimam
414 866 644 928 teneritudinem
663 866 790 928 iucunda
810 866 1003 927 similitudine
1018 869 1185 945 exscripsit.

173 964 353 1038 quapropter
376 963 518 1035 quantum
541 955 670 1017 volueris
694 956 834 1036 deinceps
858 956 918 1017 lrui
940 962 1065 1036 secreto,
1088 955 1185 1016 indul-

173 1065 243 1125 gere
259 1047 401 1125 secessui,
419 1044 522 1106 licebit
535 1045 701 1127 indulgeas,
721 1044 960 1124 quandoquidem
974 1063 1028 1105 nos
1043 1046 1074 1104 in
1094 1044 1185 1104 lratre

136 1157 161 1197 10
175 1153 242 1195 meo
265 1134 397 1194 Himerio
421 1153 507 1195 avum
530 1135 663 1215 nomine,
685 1143 799 1214 patrem
823 1134 910 1214 lacie,
932 1140 1092 1212 utrumque
1115 1151 1186 1212 pru-

178 1223 278 1284 dentia
301 1226 360 1283 iam
382 1230 526 1284 tenemus.
558 1222 630 1284 vale.

637 1447 725 1513 XIV.

347 1570 513 1626 SIDONIUS
531 1568 729 1625 PHlLAGRlO
749 1569 817 1624 SUO
836 1569 1013 1626 SALUTEM.

246 1683 273 1746 1.
309 1683 446 1744 Proxime
475 1686 555 1744 inter
584 1690 745 1744 summates
774 1685 854 1743 viros
884 1677 963 1766 (erat
990 1690 1020 1744 et
1047 1683 1188 1763 lrequens

177 1766 264 1856 ordo)
288 1775 380 1833 vestri
402 1775 513 1833 mentio
537 1773 601 1833 init.
644 1790 747 1832 omnes
770 1773 806 1832 de
829 1780 859 1832 te
882 1771 953 1832 boni
976 1775 1007 1832 in
1030 1791 1186 1834 commune

135 1885 162 1926 15
176 1869 338 1923 senserunt
369 1863 467 1922 omnia
502 1861 593 1942 bona,
625 1879 693 1922 curn
722 1869 820 1921 tamen
844 1861 953 1939 singuli
976 1863 1084 1941 quique
1107 1865 1188 1923 varia

175 1955 318 2012 virtutum
338 1968 447 2030 genera
465 1950 616 2012 dixissent.
636 1967 707 2010 sane
730 1968 798 2010 cum
818 1949 875 2010 sibi
898 1952 1028 2030 quipiam
1047 1949 1083 2011 de
1102 1970 1188 2031 prae·

176 2043 271 2101 sentia
294 2046 353 2119 tua,
376 2041 461 2118 quasi
484 2045 513 2099 te
532 2041 626 2118 magis
649 2046 780 2120 nossent,
798 2045 917 2119 praeter
936 2058 1063 2119 aequum
1081 2040 1188 2119 gloria-

175 2137 296 2209 rentur,
335 2128 490 2208 incandui,
527 2129 636 2207 quippc
674 2146 742 2188 cum
778 2126 838 2189 dici
878 2145 938 2188 non
974 2131 1189 2208 aequanimiter

176 2217 364 2278 admitterem
386 2218 482 2276 virum
505 2218 638 2276 omnium
661 2215 827 2278 litterarum
849 2216 1047 2278 vicinantibus
1066 2220 1188 2279 rusticis

135 2330 163 2370 ao
176 2323 264 2385 quam
287 2307 432 2365 institutis
454 2305 520 2365 fieri
543 2306 752 2366 remotioribus
776 2307 930 2366 notiorem.
975 2304 1005 2368 2.
1041 2310 1189 2385 processit

176 2397 207 2455 in
240 2393 380 2454 ulteriora
413 2395 575 2476 contentio,
608 2402 638 2455 et
670 2413 737 2456 cum
766 2394 858 2474 aliqui
887 2413 977 2474 super
1006 2395 1188 2458 hocerrore

175 2485 371 2563 pervicaciter
407 2489 701 2545 controversarentur
734 2477 912 2566 (idiotarum
950 2483 1096 2562 siquidem
1133 2493 1189 2565 est,

177 2575 254 2634 sicut
276 2571 362 2633 iacile
394 2573 542 2654 convinci,
579 2575 620 2634 ita
652 2572 771 2634 difficile
804 2567 981 2656 compesci),
1018 2580 1189 2634 constanter

176 2663 304 2743 asserui,
333 2662 359 2722 si
381 2660 589 2740 eloquentibus
613 2664 716 2722 amicis
740 2679 900 2740 numquam
923 2664 1033 2740 agnitio
1057 2671 1189 2723 contem-

134 2773 161 2814 25
176 2750 283 2830 plativa
326 2753 493 2832 proveniat,
530 2768 595 2811 esse
640 2768 792 2831 asperum,
838 2757 996 2830 utcumque
1034 2750 1188 2812 tolerabile

175 2847 288 2921 tamen,
312 2842 380 2919 quia
398 2838 585 2918 praevaleant
608 2840 726 2919 ingenia
750 2857 815 2919 sua,
838 2857 939 2900 coram
962 2839 1071 2919 quibus
1093 2843 1188 2920 impe-

176 2931 244 2989 ritia
268 2930 359 2989 civica
381 2931 602 3010 peregrinatur,
634 2929 670 2989 ad
693 2936 873 2988 remotarum
897 2927 1044 2989 desideria
1067 2931 1187 3008 provin-

176 3019 289 3078 ciarum
326 3017 394 3078 stilo
432 3017 658 3079 adminiculante
682 3019 848 3098 porrigere3
885 3035 939 3097 per
967 3036 1054 3096 quem
1085 3036 1187 3096 saepe-

175 3124 300 3167 numero
329 3105 484 3168 absentum
512 3105 662 3167 dumtaxat
690 3108 894 3167 institutorum
916 3113 1016 3168 tantus
1034 3106 1190 3185 colligitur

136 3219 163 3258 ao
177 3196 312 3276 allectus,
349 3203 476 3274 quantus
508 3214 564 3256 nec
595 3203 806 3274 praesentanea
836 3193 992 3255 sedulitate
1024 3196 1188 3257 coniicitur.

176 3287 276 3365 igitur,
300 3285 326 3344 si
348 3286 389 3344 ita
413 3292 467 3366 est,
486 3284 630 3345 desistant
649 3283 824 3344 calumniari
847 3287 1013 3344 communis
1037 3284 1187 3345 absentiae

250 3479 265 3527 t
285 3471 433 3540 exscripsit
451 3472 497 3541 M,
521 3470 567 3527 vel
587 3472 724 3542 expressit
741 3490 762 3528 s.
782 3475 799 3528 l.
819 3474 882 3529 add.
903 3473 951 3528 Μι
977 3475 986 3542 ΙΙ
1016 3477 1048 3527 10
1066 3474 1188 3544 patrem]

178 3546 308 3611 patruum
329 3542 372 3613 011
388 3548 419 3595 12
438 3541 548 3611 filagrio
568 3543 695 3599 LMOT
706 3548 715 3614 ΙΙ
