2610 4056
170 158 236 224 202
547 154 655 214 irene
672 154 804 215 NONUS.

170 309 310 386 tetricum
333 325 426 386 genus
450 326 484 368 ac
505 304 737 386 perantiquum?
772 307 851 368 unde
874 307 924 368 illa
946 307 1036 370 verba
1063 307 1194 370 saliaria

170 395 216 456 vel
247 395 390 476 Sibyllina
420 395 466 457 vel
499 396 617 458 Sabinis
650 396 781 475 abusque
815 396 943 458 Curibus
976 399 1082 478 accita,
1106 417 1194 476 quae
1256 449 1260 456 .

170 487 322 563 magistris
343 484 519 565 plerumque
543 485 736 547 reticentibus
754 488 920 566 promptius
943 485 1051 546 letialis
1074 485 1193 566 aliquis

172 581 223 634 aut
244 573 353 635 ilamen
376 583 426 635 aut
448 582 623 635 veternosus
645 569 784 653 legalium
803 573 1010 653 quaestionum
1034 577 1194 654 aenigma·

145 665 243 728 stista
265 659 463 743 patefecerit?
493 679 549 724 nos
573 663 714 744 opuscula
737 675 874 724 sermone
892 661 1080 725 condidimus
1099 664 1193 725 arido

169 750 254 832 exili,
282 759 364 812 corte
396 755 524 814 maxima
552 769 586 813 ex
614 759 698 832 parte
725 749 857 833 vulgato,
887 755 971 814 cuius
994 751 1064 814 hinc
1086 751 1194 814 honor

169 857 270 922 rarus,
303 837 381 920 quod
413 841 555 920 frequens
586 855 673 922 usus,
701 841 772 902 hinc
803 836 934 902 difficilis
966 844 1073 922 gratia,
1103 843 1192 921 quod

169 925 265 990 facilis
288 931 420 991 inventio
443 938 498 992 est.
535 927 564 993 5.
587 949 658 991 sane
677 931 819 1010 profiteor
837 929 989 1012 audenter,
1013 933 1090 991 sicut
1113 931 1192 993 istic

169 1018 212 1078 nil
239 1031 321 1100 aere,
348 1018 391 1080 nil
421 1017 579 1100 eloquens,
606 1023 647 1080 ita
674 1018 748 1080 nihil
771 1015 899 1080 inditum
920 1033 982 1080 non
1005 1013 1193 1102 absolutum,

130 1121 230 1172 1onon
253 1107 289 1168 ab
313 1105 457 1188 exemplo.
503 1107 555 1169 sed
586 1107 656 1188 quid
683 1105 756 1169 haec
782 1104 941 1188 pluribus?
985 1105 1076 1168 diotbo
1106 1123 1191 1191 mea,

170 1195 249 1275 quod
271 1196 345 1257 mihi
368 1195 487 1277 suffieit,
504 1195 601 1277 placet
622 1199 734 1258 amicis.
771 1200 803 1257 in
822 1195 929 1277 quibus
948 1203 1192 1281 tamenflutrum·

170 1303 228 1364 que
251 1285 440 1367 complector,
459 1288 520 1346 sive
543 1299 603 1347 non
625 1283 730 1347 iailunt
753 1287 887 1348 examine
911 1302 965 1348 seu
986 1285 1110 1347 caritate
1130 1285 1191 1347 fal·

169 1373 455 1457 tantundemque,
475 1372 553 1455 quod
572 1383 672 1456 restat,
690 1375 722 1436 in
736 1382 889 1456 posterum
908 1387 1027 1458 quaeso,
1046 1383 1078 1436 ut
1097 1392 1190 1438 secu·

170 1463 230 1524 turi
253 1471 303 1524 aut
325 1463 463 1525 fallantur
487 1463 623 1525 similiter
646 1469 696 1525 aut
719 1470 867 1526 censeant.
904 1461 976 1525 vale.

597 1765 756 1774 —-.—.-.-

216 2013 308 2088 car
337 1993 513 2088 sonan
540 2008 904 2096 arocdrnrnrs
934 2007 1136 2088 ordonn

485 2154 872 2230 nrrsronraorr

505 2415 515 2434 .
542 2329 654 2396 LIBER
676 2333 812 2396 NONUS.

666 2525 690 2592 I.

129 2677 156 2718 15
361 2644 531 2704 smomcs
549 2645 705 2704 nandino
725 2613 794 2703 sno
814 2645 991 2704 securam.

239 2761 266 2824 1.
298 2761 414 2842 Exigis,
437 2762 556 2822 domine
579 2762 635 2842 iili,
657 2769 691 2823 ut
714 2761 907 2841 epistularum
930 2764 1064 2841 priorum
1087 2760 1181 2823 limite

170 2853 286 2930 irrupto
310 2849 396 2912 stilus
419 2859 522 2912 noster
544 2854 575 2911 in
594 2850 737 2912 ulteriora
758 2857 923 2932 procurrat,
942 2853 1060 2912 numeri
1079 2869 1181 2930 supra·

170 2940 244 3000 dicti
269 2939 423 3019 privilegio
450 2957 511 3000 non
539 2946 695 3001 contentus
724 2939 844 3000 includi.
890 2939 974 3000 addis
1006 2947 1036 3000 et
1068 2958 1181 3022 causas,

171 3028 279 3108 quibus
315 3028 364 3089 hic
400 3027 476 3089 liber
512 3047 608 3090 nonus
650 3036 716 3090 octo
753 3031 941 3115 superiorum
982 3026 1181 3090 voluminibus

130 3140 157 3180 ao
171 3124 333 3179 accrescat:
366 3135 401 3177 eo
434 3117 513 3196 quod
546 3117 636 3178 Gaius
668 3117 837 3198 Secundus,
869 3120 954 3179 cuius
987 3135 1041 3178 nos
1070 3117 1180 3179 orbitas

241 3305 453 3361 ooondidimua
477 3307 504 3360 L
531 3314 557 3362 et
585 3310 665 3374 (corr.
688 3308 720 3362 io
748 3303 887 3360 edidimus
904 3307 1013 3376 JN¹)N,
1041 3304 1179 3361 edidimus

156 3375 263 3432 Mor
274 3381 283 3448 ΙΙ
297 3385 313 3432 9
329 3377 503 3448 absolutum]
518 3381 552 3445 cf.
569 3378 669 3433 Ferret.
687 3395 714 3447 p.
730 3382 756 3446 4,
770 3379 849 3434 24E.
863 3379 903 3446 ut,
923 3393 995 3446 quae
1010 3378 1181 3447 putabantur

170 3447 298 3517 obscura,
313 3448 488 3503 absolutiora
498 3447 670 3502 tardioribus
680 3449 864 3503 redderentur
876 3450 886 3518 ll
901 3453 934 3502 10
947 3449 1001 3504 hoc
1012 3449 1036 3504 d
1046 3453 1055 3520 {l
1070 3454 1103 3527 13
1117 3465 1180 3503 con·
1286 3487 1287 3490 η

169 3517 290 3588 templor
311 3519 353 3588 011
368 3525 400 3573 16
420 3525 504 3576 totam
522 3537 562 3588 ep.
576 3519 598 3573 I
613 3535 662 3574 om.
679 3517 742 3574 LN
746 3521 771 3574 Τ
783 3523 792 3590 {l
