2660 4030
136 162 309 221 SIDONIUS
328 161 472 219 DOMINO
491 162 610 218 PAPAE
625 161 857 218 DLDUTHDRIO
873 161 1052 220 SALUTEM.
1090 163 1155 228 135

138 309 329 376 convicium?
361 309 390 374 3.
410 311 489 391 quod
512 318 660 392 superest,
683 311 883 393 obsecramus,
906 319 939 374 ut
962 312 1066 373 crebra
1089 331 1155 374 ora-

136 407 235 484 tione,
258 420 313 482 per
336 419 425 481 quam
446 403 527 461 vitiis
550 400 688 462 omnibus
715 403 844 462 immane
867 401 1073 482 dominamini,
1099 420 1155 463 uos

137 510 268 572 quoque,
291 493 370 552 sicut
392 488 583 576 euangelicos¹
603 507 704 568 magos
723 508 872 550 remeasse
891 490 1082 551 manifestum
1100 497 1155 573 est,

137 580 187 642 vel
205 583 265 642 iam
282 598 362 641 nunc
379 597 436 659 per
458 577 545 639 aliam
567 581 645 639 viam
668 597 786 639 morum
804 580 836 640 in
853 578 1010 641 beatorum
1028 581 1155 658 patriam

137 670 239 731 redire
258 669 381 730 faciatis.
418 685 511 747 paene
531 670 698 748 omiseram,
722 667 801 747 quod
819 669 942 728 minime
959 675 1153 748 praetereun·
1180 683 1195 725 o

136 759 211 820 dum
239 759 308 820 luit:
335 759 412 837 agite
441 758 549 836 gratias
576 755 763 837 Innocentio,
796 756 950 838 spectabili
982 758 1060 837 viro,
1093 760 1154 839 qui,

137 855 174 909 ut
194 848 428 928 praeceperatis,
453 847 568 906 naviter
593 863 709 906 morem
732 847 824 926 gessit
846 847 997 907 iniunctis
1038 864 1155 907 memor

137 939 234 998 nostri
257 954 324 997 esse
348 935 483 1015 dignare,
507 934 625 995 domine
647 953 731 1015 papa.

626 1125 666 1190 X.
769 1175 777 1194 .

210 1247 379 1304 SIDONIUS
396 1245 541 1302 DOMINO
560 1245 678 1301 PAPAE
697 1245 877 1303 CENSORIO
898 1245 1075 1304 SALUTEM.

208 1361 235 1424 1.
258 1361 401 1423 Gerulum
418 1361 585 1421 litterarum
604 1359 714 1421 levitici
728 1360 842 1421 ordinis
860 1360 997 1421 honestat
1011 1361 1151 1424 officium.
1166 1377 1193 1416 ro

137 1452 189 1512 hic
207 1470 275 1512 cum
289 1450 399 1511 iamilia
413 1468 466 1510 sua
480 1449 717 1529 depraedationis
732 1448 873 1509 Gothicae
890 1448 1042 1511 turbinem
1055 1453 1152 1512 vitans

138 1543 172 1602 in
198 1542 384 1601 territorium
410 1545 543 1599 vestrum
570 1537 685 1599 delatus
712 1545 759 1598 est
785 1540 865 1618 ipso,
892 1544 926 1599 ut
949 1539 992 1599 sic
1015 1538 1152 1622 dixerim,

138 1629 270 1709 pondere
292 1629 392 1709 lugae3
414 1626 466 1689 ubi
488 1629 521 1687 in
543 1645 576 1688 rc
596 1625 747 1708 ecclesiae,
771 1628 819 1687 cui
839 1629 979 1687 sanctitas
997 1633 1048 1688 tua
1066 1647 1152 1708 prae-

137 1719 226 1798 sidet,
240 1735 359 1798 parram
373 1723 537 1778 sementem
551 1717 762 1776 semiconfecto
778 1717 901 1794 caespiti
911 1714 1022 1776 advena
1031 1719 1151 1778 ieiunus

138 1809 251 1887 iniecit,
270 1809 353 1867 cuius
374 1825 410 1866 ex
430 1805 523 1866 solido
543 1804 724 1884 colligendae
744 1805 811 1865 fieri
829 1803 886 1864 sihi
905 1806 1020 1883 copiam
1039 1813 1150 1866 exorat.
1165 1819 1193 1859 1⁵

136 1894 168 1957 2.
193 1914 281 1974 quem
304 1898 330 1956 si
353 1895 525 1955 domesticis
553 1893 624 1954 fidei
647 1894 786 1973 deputata
808 1893 990 1954 humanitate
1019 1894 1153 1975 foveatis,

137 1985 168 2045 id
193 1991 251 2066 est,
279 1992 312 2046 ut
334 1983 468 2045 debltum
491 1982 611 2062 glaebae
635 2000 778 2044 canonem
801 2000 861 2043 non
884 1987 1014 2063 petatur,
1033 1989 1153 2044 tantum

136 2073 237 2135 lucelli
255 2075 430 2153 praestitum
450 2071 509 2133 sibi
528 2079 679 2151 computat
699 2066 865 2154 (peregrini
883 2069 1012 2131 bominis
1031 2079 1065 2133 ut
1083 2091 1152 2134 ceu-

135 2181 198 2244 sus,
217 2165 260 2223 sic
279 2164 396 2224 animus
415 2155 582 2244 angustus),
604 2180 637 2222 ac
657 2163 683 2222 si
701 2163 733 2220 in
751 2162 845 2240 patrio
865 2160 928 2221 solo
947 2162 1152 2222 rusticaretur.

135 2252 206 2313 huic
225 2254 251 2312 si
266 2251 436 2332 legitimam,
455 2257 488 2311 ut
502 2268 566 2310 mos
583 2258 637 2331 est,
657 2248 835 2310 solutionem
848 2250 1026 2329 perexiguae
1042 2253 1152 2328 segetis
1165 2263 1194 2305 2⁰

137 2341 300 2422 indulgeas,
313 2347 464 2419 tamquam
478 2341 599 2418 opipare
613 2341 768 2399 viaticatus
779 2357 846 2400 cum
861 2341 1022 2418 gratiarum
1033 2342 1150 2401 actione

135 2429 288 2491 remeabit.
333 2447 388 2508 per
415 2446 503 2508 quem
532 2430 558 2488 si
584 2446 632 2488 me
660 2427 728 2488 stilo
756 2427 859 2488 solltae
888 2427 1068 2506 dignationis
1095 2431 1151 2489 im·

135 2521 261 2599 pertias,
288 2518 362 2579 mihi
389 2518 625 2596 fraternitatique
654 2518 722 2578 istic
751 2518 825 2577 sitae
852 2519 959 2596 pagina
985 2523 1037 2578 tua
1059 2517 1152 2578 veluti

135 2607 203 2687 polo
231 2607 312 2687 lapsa
340 2605 534 2686 reputabitur.
580 2623 694 2666 memor
718 2607 814 2665 nostri
837 2622 903 2666 esse
932 2605 1071 2688 dignare,
1099 2606 1151 2666 do-

135 2699 216 2758 minc
239 2715 323 2777 papa.
1165 2707 1192 2748 2⁵

616 2884 672 2952 XI.

181 3008 348 3064 amonius
367 3007 510 3065 nomino
529 3007 647 3062 Paean
667 3005 900 3061 menusanum
921 3005 1100 3061 saturnu.

204 3118 232 3181 1.
251 3120 392 3182 Iudaeum
410 3138 553 3200 praesens
572 3120 673 3181 charta
692 3119 886 3200 commendat,
905 3137 964 3180 nou
984 3119 1063 3199 quod
1077 3120 1152 3181 mihi

136 3208 251 3288 placeat
273 3227 366 3291 error,
393 3227 559 3289 perquem
582 3215 710 3287 pereunt
732 3208 864 3289 involuti,
888 3208 941 3268 sed
965 3211 1033 3288 quia
1056 3212 1151 3270 nemi-

136 3316 206 3358 nem
233 3301 366 3378 ipsonrm
388 3316 443 3358 nos
467 3298 552 3359 decet
575 3316 612 3358 ex
639 3315 704 3358 asse
728 3296 925 3358 damnabilem
948 3301 1152 3379 pronuntiare,

210 3527 224 3575 7
243 3524 354 3578 naviter
373 3523 441 3593 LN,
461 3521 590 3592 gnaviter
610 3523 647 3577 M
651 3523 704 3578 TO
714 3526 724 3594 ΙΙ
