2628 4034
501 211 503 216 ’
521 218 673 275 GARMMN
690 220 739 278 Vr.
1068 225 1134 290 275

211 368 260 428 hic
282 366 338 428 tibi
360 367 458 428 vultus
482 377 558 450 erat;
581 372 663 430 mitis
687 370 736 430 dat
759 373 842 449 signa
861 379 1009 433 venustas.

137 469 190 519 600
209 475 321 517 annue:
347 458 389 516 sic
412 459 519 517 vestris
543 461 671 536 respiret
693 459 784 538 Byrsa
808 461 972 541 trophaeis,

207 549 250 606 sic
273 545 399 606 Parthus
423 553 538 607 certum
561 547 655 625 fugiat
676 547 854 628 Maurusque
878 550 984 609 timore

209 633 293 695 albus
317 641 377 715 eat,
401 637 445 695 sic
469 635 543 695 Susa
566 642 696 696 tremant
717 640 883 716 positisque
905 638 1056 716 pharetris

208 730 357 783 exarmata
379 730 464 784 tuum
487 726 681 786 circumstent
705 726 810 786 Bactra
832 725 971 787 tribunal.

598 951 654 1016 VI.

180 1071 385 1126 PRAEFATIO
404 1072 628 1128 PANEGYRICI
646 1073 743 1128 olori
760 1073 871 1128 AVITO
890 1072 1068 1132 AUGUSTO.

182 1184 315 1245 Pallados
339 1187 505 1246 armisonae
527 1187 637 1247 festum
660 1187 731 1247 dum
753 1187 889 1248 cantibus
912 1195 1013 1248 ortum

248 1282 388 1353 personat
411 1274 558 1335 Hismario
582 1275 706 1336 Thracia
729 1283 794 1336 vate
819 1275 932 1356 chelys,

181 1372 211 1423 et
233 1363 305 1423 dum
327 1362 513 1443 Mopsopium
536 1365 683 1444 stipantur
705 1383 759 1444 per
781 1364 982 1425 Marathonem

246 1455 298 1532 qui
321 1459 464 1513 steterant
486 1453 569 1514 lluvii
592 1472 726 1532 quaeque
750 1455 882 1514 cucurrit
903 1454 1026 1535 humus,

145 1555 161 1602 o
181 1541 369 1602 dulcisonum
391 1543 524 1621 quatitur
547 1541 655 1603 fidibus
679 1542 749 1602 dum
771 1545 888 1621 pectine
912 1561 1057 1625 murmur,

245 1630 298 1690 has
321 1629 479 1709 perhibent
501 1631 603 1692 laudes
626 1631 712 1691 laude
735 1630 876 1710 probasse
900 1631 998 1692 deam:

181 1715 271 1800 ‘diva,
294 1718 430 1798 Gigantei
453 1721 529 1781 ludit
552 1739 640 1799 quam
662 1727 796 1798 tempore
819 1719 891 1780 belli

246 1815 376 1869 armatus
398 1816 502 1887 partus
524 1811 636 1869 vertice
660 1809 792 1889 dividuo,

180 1915 268 1977 quam
291 1915 388 1976 neque
411 1897 536 1959 Deliacis
559 1901 676 1978 peperit
697 1897 808 1958 Latona
832 1897 886 1958 suh
910 1900 1018 1979 antris,

129 1999 161 2048 10
247 1987 342 2046 fixura
365 1994 514 2047 errantem
537 1987 662 2066 Cyclada
684 1986 874 2066 pignoribus,

179 2093 235 2135 nec
259 2093 333 2153 quae
358 2073 493 2135 Cadmeis
517 2078 637 2154 pariens
660 2076 782 2136 Alciden
806 2078 837 2136 in
861 2077 922 2135 oris

247 2163 403 2241 suspendit
425 2163 537 2243 triplici
560 2172 646 2225 nocte
669 2167 877 2245 puerperium,

178 2270 234 2312 neo
257 2255 342 2312 cuius
364 2251 463 2330 pluvio
487 2255 578 2313 turris
601 2254 763 2314 madefacta
786 2253 904 2315 metallo
927 2261 986 2336 est,

246 2360 314 2401 cum
336 2348 462 2402 matrem
484 2341 622 2419 impleret
645 2342 723 2402 filius
747 2345 903 2422 aurigena:

125 2443 156 2492 1⁶
177 2430 228 2490 sed
252 2437 295 2511 te,
318 2447 387 2490 cum
409 2430 559 2510 trepidum
581 2437 729 2508 spectaret
750 2429 855 2510 Flegra
876 2431 1056 2513 Tonantem,

244 2519 362 2597 impulit
384 2537 540 2582 excussam
558 2520 669 2579 vertice
692 2526 797 2597 ruptus
821 2539 908 2600 apex3

175 2625 301 2687 cumque
325 2607 397 2668 deos
420 2608 499 2669 solae
522 2608 675 2668 traherent
696 2610 728 2667 in
750 2608 863 2687 proelia
885 2610 978 2689 vires,

246 2696 403 2757 conlusum
426 2697 509 2757 valde
533 2704 563 2757 te
587 2699 653 2757 sine
677 2696 768 2756 robur
791 2704 867 2757 erat:

125 2811 128 2815 ·
181 2785 305 2864 protulit
328 2792 361 2846 ut
384 2804 452 2846 mox
475 2793 506 2846 te
528 2787 656 2866 patrius,
680 2785 842 2866 Sapientia,
864 2792 979 2865 vertex,

124 2886 159 2936 20
246 2881 311 2934 tum
333 2893 417 2953 mage
441 2877 589 2956 vicerunt,
612 2882 642 2934 te
665 2892 733 2935 cum
755 2873 886 2936 habuere
909 2873 965 2934 dei.

178 2970 208 3023 te
231 2970 355 3042 propter
378 2966 483 3043 cessit,
506 2962 642 3024 manibus
666 2970 835 3024 constructa
858 2963 1036 3043 tremendis,

242 3053 303 3112 iam
324 3070 417 3131 prope
441 3071 496 3132 per
519 3052 643 3114 rutilum
665 3052 801 3112 machina
823 3059 907 3113 tensa
930 3051 1039 3130 polum.

175 3139 302 3220 Pindus,
325 3139 448 3221 Othrys,
470 3140 579 3200 Pholoe
604 3141 716 3201 dextris
740 3140 875 3202 cecidere
898 3139 1070 3220 Gigantum,

245 3229 356 3290 decidit
379 3237 409 3290 et
431 3229 537 3290 Rhoeti
561 3232 619 3290 iam
642 3231 740 3308 gravis
763 3228 837 3290 Ossa
860 3248 957 3290 manu.

127 3330 161 3380 25
183 3321 328 3379 sternitur
349 3318 498 3399 Aegaeon,
520 3318 674 3400 Briarcus,
697 3317 831 3397 Ephialta
853 3318 1031 3399 Mimasque,

108 3507 217 3649 PMVI
238 3513 269 3562 11
288 3505 365 3561 horis
384 3508 461 3563 codd.
483 3509 492 3578 l
513 3514 546 3563 17
566 3507 643 3562 salae
661 3508 734 3577 MP,
753 3507 827 3562 aliae
847 3507 938 3578 01120
957 3524 1020 3562 cum
1038 3509 1067 3561 te
1087 3508 1126 3562 M

909 3668 962 3723 18*
