2660 4030
352 209 523 266 SIDONIUS
541 209 710 265 NAMATIO
731 210 799 266 SUO
820 210 997 266 SALUTEM.
1117 211 1181 276 179

166 362 242 421 tium
271 361 408 439 protinus
437 362 676 439 circumspexere
704 362 869 441 conspecti,
902 363 954 441 qui
980 379 1041 422 non
1069 363 1181 422 sensim

166 444 395 528 singulatimque
428 448 481 509 sed
512 447 713 510 tumultuatim
746 451 857 528 petitus
889 457 920 510 et
951 452 1083 511 cunctim
1113 469 1181 511 cum

165 538 293 617 quodam
320 536 443 617 prologo
471 538 595 616 pudoris
621 536 736 598 vultum
765 537 899 598 modeste
928 539 1076 600 demissus
1099 540 1181 600 inru-

163 627 236 688 buit
283 632 370 706 atque
401 625 438 686 ob
461 625 519 687 boc
545 626 590 687 illi
612 629 773 686 maximum
796 627 905 706 sophos
928 645 989 688 non
1012 627 1181 707 eloquentia

162 718 247 796 prius
271 734 359 795 quam
381 715 561 776 verecundia
583 715 673 776 dedit.
714 715 790 776 dixit
811 715 955 795 disposite
979 719 1108 795 graviter
1131 735 1176 778 ar·
1206 737 1219 778 s

162 804 277 886 denter,
295 822 401 884 magna
415 806 576 865 acrimonia
590 806 702 865 maiore
717 804 854 866 facundia
868 807 995 866 maxima
1011 805 1176 889 disciplina,

165 901 195 955 et
217 893 298 955 illam
322 893 458 954 Sarranis
483 893 597 954 ebriam
621 895 700 954 sucis
723 895 803 954 inter
830 896 1006 974 crepitantia
1029 903 1180 974 segmenta

164 982 323 1063 palmatam
353 983 420 1061 plus
450 984 530 1062 picta
558 985 704 1062 oratione,
736 982 803 1062 plus
831 1001 921 1044 aurea
948 986 1180 1045 convenustavit.

165 1071 193 1132 7.
220 1074 397 1151 peripsum
426 1072 489 1132 lere
511 1079 644 1152 tempus,
670 1080 705 1133 ut
731 1071 967 1133 decemviraliter
988 1072 1105 1154 loquar,
1132 1072 1180 1134 lex

166 1161 202 1221 de
226 1163 462 1240 praescriptione
486 1163 626 1222 tricennii
649 1161 745 1221 luerat
767 1163 972 1242 proquiritata,
1002 1163 1088 1222 cuius
1111 1180 1219 1241 per-10

163 1251 320 1328 emptoriis
343 1248 451 1310 abolita
473 1249 602 1310 rubricis
621 1249 658 1310 lis
678 1251 775 1310 omnis
793 1253 826 1310 in
844 1260 961 1311 sextum
979 1257 1073 1311 tracta
1092 1252 1176 1330 quin-

159 1340 323 1417 quennium
346 1338 569 1399 terminabatur.
606 1339 683 1399 hauc
706 1340 785 1399 intra
808 1337 917 1399 Gelbes
941 1345 1008 1400 ante
1031 1343 1176 1401 nescitam

157 1430 287 1509 primus,
320 1446 408 1507 quem
441 1426 604 1507 loquimur,
641 1434 741 1488 orator
773 1428 882 1488 indidit
913 1428 1175 1507 prosecutionibus

158 1517 252 1577 edidit
273 1515 488 1598 tribunalibus,
514 1516 647 1595 prodidit
672 1516 807 1595 partibus
835 1516 949 1578 addidit
974 1517 1085 1599 titulis,
1114 1518 1172 1578 lre·

158 1614 267 1685 quente
301 1612 448 1666 conventu
479 1623 547 1665 raro
580 1605 716 1686 sedente,
747 1607 851 1684 paucis
884 1609 1040 1667 sententiis
1069 1607 1172 1668 miultis
1186 1624 1212 1664 15

78 1742 82 1748 .
157 1693 302 1756 laudibus.
349 1693 378 1756 8.
402 1700 521 1773 praeter
543 1696 600 1754 ista
623 1712 679 1773 per
700 1693 772 1754 alias
795 1696 875 1755 vices
898 1694 1065 1756 doctrinam
1083 1694 1173 1777 illius,

157 1802 216 1862 quo
239 1802 322 1844 more
346 1785 434 1844 citius
456 1782 544 1843 bomo
569 1783 703 1864 discitur,
725 1782 932 1844 inobservatus
956 1785 1073 1863 inspexi
1091 1791 1173 1866 tunc,

157 1891 226 1934 cum
258 1890 333 1951 quae
365 1874 443 1950 regit
474 1873 641 1951 provincias
675 1871 804 1933 fascibus
833 1870 986 1933 Nicetiano
1015 1879 1172 1952 regeretur

156 1966 342 2041 praefectura
374 1960 506 2021 consilio.
554 1961 625 2041 quid
653 1957 767 2022 multa?
798 1960 842 2022 nil
875 1961 954 2041 quod
984 1980 1044 2022 non
1071 1980 1171 2023 meum

155 2050 271 2131 vellem,
293 2049 336 2110 nil
359 2050 438 2130 quod
461 2068 520 2111 non
544 2049 716 2131 admirarer,
741 2050 848 2111 audivi.
895 2047 924 2111 9.
947 2058 1070 2130 propter
1094 2070 1211 2131 quaero

156 2142 254 2200 omnia
276 2139 353 2199 bona
375 2141 407 2199 in
430 2141 493 2199 viro
513 2140 568 2199 sita
587 2137 681 2200 laetor
699 2139 736 2199 ad
753 2145 864 2218 puncta
882 2142 1017 2201 censoris
1037 2143 1171 2202 omnium

152 2247 224 2290 voce
248 2227 455 2289 concelebrati.
492 2228 644 2306 granditer
667 2231 747 2289 enim
770 2247 823 2290 sua
846 2230 878 2289 in
899 2231 1043 2289 utramvis
1062 2229 1099 2290 de
1118 2248 1165 2292 me

49 2325 55 2337 '
153 2320 324 2397 opinionem
347 2318 495 2378 sententia
517 2316 606 2398 valet3
629 2336 714 2398 quae,
738 2320 764 2378 si
782 2336 852 2378 vera
871 2321 1080 2400 comperimus
1103 2326 1170 2379 tan-

153 2415 217 2467 tum
239 2407 314 2467 mihi
341 2413 387 2467 est
414 2406 515 2466 lavens
544 2407 710 2487 securitati,
738 2413 881 2485 quantum
906 2407 993 2467 fieret
1015 2407 1168 2468 adversata

153 2496 314 2557 formidini.
352 2496 389 2555 de
413 2501 513 2555 cetero
537 2495 628 2554 surum
652 2495 729 2573 apud
752 2513 800 2555 me
825 2502 882 2556 stat
905 2498 1168 2578 constitutumque,
1182 2513 1208 2554 aa

152 2592 241 2664 prout
264 2601 327 2645 rem
351 2603 387 2644 ex
411 2601 478 2644 asse
501 2601 676 2663 cognovero,
700 2582 747 2644 vel
770 2583 889 2644 silentio
912 2584 975 2644 lora
998 2584 1097 2645 laxare
1121 2585 1167 2646 vel

152 2676 299 2751 stringere
324 2672 407 2733 trena
434 2675 567 2752 garritui.
613 2689 740 2751 namque
769 2674 795 2732 si
818 2672 982 2751 supradicti
1006 2674 1167 2733 confirmor

153 2779 293 2840 assensu,
320 2760 444 2822 Athenis
467 2760 629 2841 loquacior,
643 2763 684 2820 ‘si
706 2763 819 2841 miuuS,
846 2761 974 2840 Amyclis
1002 2763 1076 2840 ipsis
1099 2763 1172 2821 taci-

151 2851 268 2909 turnior
295 2867 355 2909 ero.
403 2847 453 2910 10.
477 2850 529 2911 sed
557 2850 593 2910 de
622 2848 717 2910 sodali
744 2849 840 2927 deque
867 2867 915 2908 me
943 2851 1015 2909 satis
1044 2850 1166 2910 dictum.

150 2945 184 2999 tu
215 2954 294 2997 nuno
324 2940 403 2998 inter
431 2940 488 2999 ista
518 2939 589 3018 qnid
619 2934 742 2999 rerum?
788 2955 861 3016 quas
892 2936 967 2997 mihi
999 2937 1035 2998 ad
1068 2940 1164 2998 vicem
1177 2957 1204 2996 so

150 3045 240 3087 nosse
264 3044 324 3086 non
347 3028 445 3087 minus
474 3027 564 3088 cordi.
610 3029 741 3107 venaris,
768 3026 919 3107 aedificas,
947 3024 1164 3087 rusticarisne?

151 3134 188 3177 an
210 3116 318 3176 horum
341 3115 453 3194 aliquid
476 3112 591 3176 unum?
617 3135 654 3176 an
678 3114 792 3194 singula
815 3103 969 3175 vicissim?
992 3134 1030 3175 an
1051 3118 1164 3194 pariter

151 3201 278 3266 cuncta?
315 3203 367 3265 sed
396 3204 433 3264 de
456 3203 588 3265 Vitruvio
618 3207 678 3265 sive
708 3203 881 3285 Columella,
909 3222 963 3265 seu
991 3204 1166 3266 alterutrum

150 3357 244 3412 Meu
254 3361 263 3429 [l
278 3363 292 3410 1
313 3356 471 3426 conspicati
483 3358 634 3412 Mommsen
647 3360 686 3428 113
705 3356 818 3412 erubuit
834 3357 876 3428 Ol
891 3364 923 3411 12
944 3359 1009 3412 ante
1023 3356 1162 3414 nescitam

149 3429 219 3483 ΒΜ
223 3431 254 3499 Τ,
272 3429 319 3484 vel
338 3445 411 3482 enne
430 3427 518 3482 sciam
535 3445 556 3484 c.
576 3430 593 3484 l.
613 3429 677 3485 odd.
697 3430 735 3483 M
739 3429 757 3498 ¹,
783 3445 820 3482 en
837 3427 963 3484 nesciam
983 3428 1073 3499 01121
1094 3429 1160 3502 sita]

148 3502 206 3554 iste
215 3502 242 3555 L
255 3503 264 3570 ΙΙ
278 3507 313 3555 24
327 3500 478 3554 adversata
487 3500 552 3569 LV,
572 3499 714 3557 adverse*
723 3500 762 3554 M
764 3501 781 3570 ¹,
801 3501 959 3555 edversaN
966 3500 1017 3555 OT
1029 3503 1039 3570 ΙΙ
1053 3508 1087 3556 26
1102 3508 1166 3556 unte

148 3572 210 3627 lora
229 3573 277 3645 leq.
296 3589 341 3627 me
360 3574 392 3627 ia
407 3572 444 3625 M
447 3571 501 3628 OT
515 3578 541 3628 et
558 3588 579 3627 s.
595 3572 611 3627 l.
627 3573 691 3629 add.
706 3573 740 3628 N
740 3574 748 3603 ¹
763 3575 772 3643 ΙΙ
786 3577 820 3628 33
840 3574 941 3628 cuncta
954 3573 1021 3642 NT,
1042 3572 1165 3628 cunctim

953 3662 1007 3717 12*
