2628 4034
177 186 242 252 268
584 184 735 240 CARMEN
754 184 787 240 V.

265 353 327 395 non
350 352 497 414 pugnasse
520 333 611 396 labor.
657 336 783 395 terimus
806 352 860 394 cur
882 340 1016 412 tempora
1040 331 1184 395 verbis?

267 426 403 503 pervenit
426 431 455 485 et
478 419 590 485 vincit?
635 423 688 484 tali
712 441 847 484 sermone
871 429 1026 501 peractum

268 512 436 593 concilium,
458 512 616 592 verbisque
640 512 712 574 deae
736 511 894 573 famulante
917 509 1036 572 metallo

267 620 357 662 aurea
380 601 543 663 concordes
565 608 721 662 traxerunt
743 600 790 662 iila
815 618 942 662 sorores.

196 703 248 753 ero
312 690 373 751 llos
395 709 453 772 me,
477 708 551 769 quos
575 693 681 772 cecini,
702 688 813 750 Romae
836 689 1003 769 Libyaeque
1028 688 1156 749 labores

267 787 333 840 vota
356 779 510 840 hominum
534 779 661 841 docuere
685 779 780 861 loqui3
803 781 863 840 iam
885 785 1003 857 tempus
1027 777 1064 838 ad
1087 777 1146 838 illa

268 869 347 929 lerre
371 868 486 948 pedem,
510 887 585 947 quac
609 868 695 928 landa
718 869 793 930 mihi
816 867 863 928 rel
885 866 1019 946 Apolline
1042 873 1149 928 muto:

267 976 323 1036 pro
346 957 439 1018 Musis
461 956 540 1018 blars
562 963 661 1018 vester
684 959 750 1018 erit.
796 955 1009 1018 conscenderat
1031 955 1126 1034 Alpes

268 1045 488 1124 Raetorumque
512 1048 581 1124 iugo
604 1065 659 1125 per
681 1045 768 1125 longa
792 1044 909 1106 silentia
932 1044 1039 1105 ductus

200 1147 251 1198 375
270 1134 402 1196 Romano
426 1137 539 1196 exierat
560 1135 699 1214 populato
723 1141 792 1196 trux
814 1134 993 1195 Alamannus

269 1243 383 1303 perque
406 1223 480 1284 Cani
504 1225 651 1303 quondam
675 1225 770 1286 dictos
794 1224 973 1284 denomino
998 1241 1121 1302 campos

268 1316 300 1374 in
322 1312 463 1392 praedam
486 1320 606 1374 centum
629 1316 731 1374 novies
754 1313 907 1374 dimiserat
930 1312 1040 1372 hostes.

268 1404 386 1481 iamque
409 1404 552 1480 magister
575 1420 655 1463 eras:
678 1402 845 1463 Burconem
868 1401 972 1479 dirigis
996 1399 1046 1460 illo

269 1493 374 1570 exigna
399 1493 558 1551 comitante
580 1510 679 1552 manu.
725 1492 777 1552 sed
802 1487 916 1552 sullicit
934 1489 1023 1570 istud,

198 1591 249 1642 380
269 1598 337 1640 cum
360 1598 492 1659 pugnare
516 1579 615 1660 iubes3
639 1588 719 1641 certa
743 1587 789 1641 est
811 1581 934 1641 victoria
956 1581 1068 1640 nostris

268 1676 297 1729 te
320 1669 477 1729 mandasse
501 1672 593 1750 acies;
616 1671 732 1748 peragit
755 1670 872 1730 fortuna
895 1668 1078 1747 triumphum

268 1777 329 1819 non
352 1756 471 1837 populo,
495 1757 547 1818 sed
571 1777 671 1818 amore
694 1765 759 1839 tu03
782 1758 850 1818 nolo
875 1759 990 1836 agmina
1013 1775 1132 1838 eampo,

269 1865 328 1927 quo
351 1849 445 1907 mittis
469 1865 587 1925 paucos.
633 1846 703 1908 lelix
726 1855 756 1907 te
779 1849 904 1926 respicit
925 1849 981 1907 iste

269 1943 392 1997 eventus
415 1935 494 1996 belli.
541 1943 685 1997 certatum
710 1943 756 1997 est
778 1939 843 1997 iure
867 1937 1011 2017 magistri,

198 2036 250 2087 386
269 2025 393 2104 Augusti
418 2025 476 2084 lato
500 2043 609 2104 nuper:
632 2033 701 2104 post
723 2025 817 2086 hostis
841 2032 942 2103 aperto

269 2112 386 2174 errabat
409 2112 507 2174 lentus
530 2113 643 2196 pelago,
668 2120 825 2194 postquam
849 2113 953 2174 ordine
976 2112 1060 2173 robis

269 2201 341 2262 ordo
365 2204 461 2262 omnis
485 2220 610 2280 regnum
633 2203 764 2283 dederat,
787 2201 881 2283 plebs,
905 2205 996 2283 curia,
1017 2202 1116 2285 miles,

269 2298 299 2351 et
322 2289 434 2369 collega
458 2290 554 2352 simul.
601 2291 779 2372 Campanam
802 2290 941 2352 flantibus
965 2293 1081 2352 Austris

267 2379 439 2458 ingrediens
463 2386 574 2441 terram
598 2400 736 2442 securum
760 2380 854 2442 milite
877 2381 978 2442 Mauro

197 2482 249 2531 330
268 2467 426 2547 agricolam
450 2470 634 2551 aggreditur3
656 2472 776 2549 pinguis
799 2488 853 2549 per
875 2477 1005 2530 transtra
1028 2469 1152 2532 sedebat

267 2556 414 2618 Vandalus
439 2560 597 2636 opperiens
621 2559 770 2640 praedam,
794 2577 882 2638 quam
905 2561 1033 2620 iusserat
1055 2557 1127 2619 illuc

269 2649 384 2726 captivo
407 2648 543 2726 capiente
566 2647 653 2709 trabi.
700 2648 752 2709 sed
776 2655 874 2708 vestra
897 2653 1019 2726 repente

268 2738 346 2797 inter
368 2743 528 2814 utrumque
551 2736 667 2797 hostem
691 2736 835 2797 dederant
858 2755 924 2797 sese
948 2738 1063 2814 agmina
1086 2736 1193 2820 planis,

268 2843 343 2905 quae
367 2823 489 2904 pelagus
513 2824 677 2905 collemque
701 2832 803 2886 secant
824 2834 1003 2904 portumque
1026 2824 1147 2886 reducto

200 2926 253 2977 333
273 2915 407 2976 efficiunt
429 2914 509 2974 flexu
531 2913 621 2975 lluvii.
667 2917 827 2994 perterrita
849 2917 979 2993 primum

267 3009 384 3063 montes
407 3001 494 3063 turba
517 3004 601 3083 petit,
623 3002 758 3065 trabibus
782 3021 857 3082 quae
881 3003 980 3064 clausa
1003 3002 1116 3064 relictis

266 3091 392 3171 praedae
415 3090 525 3170 praeda
548 3093 616 3172 luit3
639 3098 703 3152 tum
726 3094 860 3154 concitus
884 3094 1000 3172 agmine
1023 3098 1085 3152 toto

250 3268 302 3317 368
317 3260 479 3333 concilium]
494 3261 643 3316 concilium
658 3265 701 3317 esi
716 3263 794 3332 OFl
808 3269 859 3318 372
874 3264 966 3334 muto]
983 3264 1029 3318 vel
1042 3262 1120 3316 nullo
1135 3263 1185 3332 qu,

179 3334 215 3402 cs.
223 3334 481 3401 Mmtat.11‚ee,3
496 3333 621 3388 earmina
635 3334 710 3402 quod
720 3333 819 3388 scribis
831 3333 918 3390 Musis
933 3336 963 3388 et
971 3332 1102 3404 Apolline
1115 3335 1187 3391 nullo
1287 3366 1288 3385 r

178 3406 252 3484 ll,3⁷⁶
268 3403 346 3458 canis
355 3405 554 3530 Lindepobropcfl
569 3410 620 3459 378
634 3405 703 3460 illuc
717 3407 755 3460 M
756 3413 777 3485 ξ,
791 3406 862 3490 illoc¹
872 3407 910 3460 M
912 3406 925 3440 b
940 3409 949 3476 ΙΙ
963 3412 1014 3489 386
1028 3406 1184 3478 postquam]

177 3475 268 3615 pppitplu
283 3476 325 3544 op
340 3479 390 3529 391
409 3474 470 3528 illio
488 3477 523 3529 M
554 3476 621 3546 1³⁸1!
635 3482 686 3532 396
705 3475 821 3530 rudibus
839 3479 869 3546 (a.
888 3495 909 3534 e.
928 3477 1049 3547 ratibus)
1066 3477 1109 3544 M,
1124 3479 1182 3545 sort.
