2660 4030
189 185 252 250 138
552 184 662 240 LIBER
680 184 826 242 SEXTUS.

186 334 330 414 exemplis
356 341 507 414 tamquam
533 353 594 395 non
621 334 737 395 idoneis
764 334 922 414 religiosus
945 332 1079 396 laudatus
1108 336 1206 396 offen-

187 424 283 504 ditur,
317 426 445 503 seposita
480 426 598 503 mystici
629 422 799 484 intellectus
827 426 994 484 reverentia
1021 424 1205 486 venerabilis

186 510 371 592 patriarchae
390 511 496 592 loseph
513 512 697 573 historialem
716 512 899 591 diligentiam
914 531 1129 594 comparemus,
1148 516 1206 592 qui

187 607 290 662 contra
314 600 500 662 sterilitatem
523 608 638 681 septem
655 600 764 663 uberes
783 619 876 662 annos
894 604 1095 662 insecuturam
1114 602 1205 664 lacile

157 691 317 770 aprovidit
338 690 513 772 remedium,
537 690 615 769 quod
638 690 792 769 praevidit.
834 690 997 751 secundum
1019 698 1118 752 tamen
1137 709 1205 752 mo·

185 778 278 841 ralem
311 782 488 840 sententiam
519 778 595 840 nihil
626 779 736 840 iudicio
768 797 835 840 meo
866 781 965 839 minor
994 786 1053 860 est,
1085 781 1138 859 qui
1167 783 1205 841 in

187 870 414 948 superveniente
442 868 533 929 simili
564 871 741 930 necessitate
769 886 830 929 non
856 869 968 929 divinat
995 875 1025 928 et
1052 867 1203 931 subvenit.

187 955 215 1020 8.
247 964 440 1038 quapropter,
473 960 530 1018 etsi
562 957 598 1018 ad
630 959 780 1036 integrum
812 959 948 1018 conicere
981 975 1041 1017 non
1067 975 1205 1039 possum,

186 1053 311 1125 quantas
329 1047 384 1108 tibi
399 1049 509 1124 gratias
522 1045 710 1106 Arelatenses
724 1045 876 1127 Reienses,
894 1045 1089 1128 Avenniocus,
1107 1047 1204 1108 hrau-

148 1149 174 1189 10
188 1137 336 1196 sionensis
365 1153 482 1214 quoque
510 1142 541 1195 et
566 1134 716 1215 Albensis,
741 1134 971 1213 Valentinaeque
998 1152 1054 1196 nec
1080 1153 1141 1196 non
1169 1144 1205 1196 et

184 1223 368 1285 Tricastinae
386 1223 471 1286 urhis
488 1242 645 1303 possessor
658 1223 797 1305 exsolvat,
815 1226 884 1303 quia
898 1223 1019 1284 difficile
1033 1230 1080 1285 est
1093 1242 1203 1285 eorum

185 1330 221 1373 ex
248 1331 315 1373 asse
343 1319 409 1373 vota
431 1315 545 1393 metiri,
572 1312 681 1392 quibus
708 1315 828 1374 noveris
851 1312 1020 1374 alimoniam
1043 1315 1108 1373 sine
1131 1331 1201 1375 asse

185 1400 335 1481 collatam,
361 1401 487 1462 Arverni
512 1410 613 1463 tamen
640 1402 741 1481 oppidi
769 1420 823 1480 ego
851 1403 971 1462 nomine
998 1399 1106 1462 uberes
1129 1421 1201 1481 per·

186 1508 273 1568 quam
300 1493 409 1569 gratias
437 1509 505 1570 ago,
532 1493 583 1552 cui
608 1497 643 1552 ut
665 1509 840 1552 succurrere
863 1489 1055 1570 meditarere,
1085 1508 1145 1551 non
1168 1498 1202 1552 te

146 1591 171 1632 1⁵
186 1582 353 1641 communio
376 1582 555 1661 provinciae,
581 1598 642 1640 non
663 1582 838 1659 proximitas
862 1581 999 1660 civitatis,
1026 1597 1087 1640 uon
1110 1597 1200 1658 opor-

184 1670 294 1729 tunitas
322 1669 418 1749 fluvii,
448 1687 508 1730 non
536 1667 644 1730 oblatio
672 1671 762 1748 pretii
789 1668 920 1730 adduxit.
967 1665 996 1728 9.
1024 1670 1125 1747 itaque
1152 1670 1201 1729 in-

184 1764 286 1835 gentes
313 1776 368 1837 per
393 1776 441 1818 me
471 1759 605 1819 referunt
634 1764 745 1838 grates,
773 1757 880 1836 quibus
904 1756 1010 1835 obtigit
1031 1775 1086 1836 per
1107 1759 1196 1836 panis

183 1848 229 1907 tui
251 1847 460 1907 abundantiam
483 1847 518 1906 ad
543 1849 590 1907 sui
613 1847 822 1907 sufficientiam
844 1848 1009 1925 pervenire.
1055 1848 1148 1926 igitur
1172 1848 1201 1907 si

184 1935 314 1996 mandati
346 1936 437 1996 officii
468 1937 570 1995 munia
602 1937 674 1996 satis
705 1936 808 1996 videor
840 1934 993 2015 implesse,
1033 1952 1070 1995 ex
1100 1934 1200 2014 legato

145 2040 171 2081 ao
185 2027 307 2084 nuntius
338 2042 397 2085 ero.
443 2023 524 2084 ilicet
552 2026 628 2084 scias
655 2022 734 2084 volo:
762 2041 816 2103 per
844 2041 963 2085 omnem
989 2023 1084 2085 fertur
1106 2023 1201 2103 Aqui-

184 2114 292 2172 taniam
320 2111 413 2190 gloria
439 2118 503 2192 tua3
531 2115 639 2172 amaris
667 2112 808 2195 laudaris,
836 2112 1015 2173 desideraris
1039 2111 1200 2194 excoleriS,

185 2203 316 2261 omnium
340 2200 524 2281 pectoribuS,
553 2203 685 2261 omnium
706 2204 791 2262 votis⁴
828 2204 908 2262 inter
929 2201 1003 2261 haec
1026 2208 1199 2281 temporum

184 2287 260 2349 mala
277 2288 374 2350 bonus
393 2289 541 2370 sacerdos,
563 2288 659 2351 bonus
677 2299 771 2371 pater,
792 2289 889 2351 bonus
907 2307 1002 2351 annus
1021 2308 1063 2371 es,
1086 2290 1199 2370 quibus

185 2380 443 2457 operaepretium
472 2379 529 2439 fuit
551 2379 617 2440 fieri
645 2379 752 2440 famem
778 2397 861 2440 suam
883 2378 1030 2460 periculo,
1061 2379 1202 2441 sialiter

145 2484 172 2524 as
186 2484 251 2526 esse
275 2485 334 2527 non
358 2473 474 2546 poterat
495 2474 545 2528 tua
569 2466 689 2546 largitas
712 2470 923 2548 experimento.
964 2486 1080 2529 memor
1102 2472 1205 2530 nostri

186 2573 252 2615 esse
275 2555 411 2638 dignare,
434 2557 553 2617 domine
577 2575 660 2638 papa.

256 2749 270 2797 1
289 2760 347 2800 non
363 2761 414 2802 om.
436 2745 464 2813 0,
482 2761 502 2800 s.
523 2746 540 2801 l.
559 2746 624 2802 add.
642 2744 700 2813 Μ’,
715 2745 808 2800 minus
826 2747 908 2818 culpo
926 2749 935 2815 l
953 2751 969 2800 ὅ
987 2745 1123 2800 moralem
1142 2762 1198 2803 om.

185 2815 258 2940 glut}
277 2814 452 2956 &helgrlrlnllsp
469 2816 867 2887 RegensisLuetjobancl19
886 2817 973 2872 officii
991 2834 1059 2873 corr.
1078 2835 1113 2873 etc
1131 2817 1198 2872 offi-
