2610 4056
169 223 235 290 250
574 223 727 280 elumen
745 226 779 281 11.

259 377 311 455 qui
329 392 432 455 pacem
455 391 644 454 pugnamque
668 371 777 454 negat?
824 392 892 436 nam
915 376 1036 438 foedera
1059 377 1144 440 nulla

259 482 326 525 cum
349 463 497 524 Ricimere
520 465 597 524 iacit.
640 481 728 542 quem
751 482 805 524 cur
827 465 917 525 nimis
940 465 1050 546 oderit,
1075 467 1157 529 audi.

259 556 406 616 incertum
429 559 530 631 crepat
552 551 602 612 ille
624 558 752 633 patrem,
776 572 843 615 cum
867 571 952 615 serva
975 556 1014 615 sit
1037 554 1082 616 illi

259 649 340 704 certa
364 659 485 722 parens;
508 658 603 722 nunc,
626 647 660 701 ut
682 643 762 720 regis
786 644 826 703 sit
848 641 943 724 filius,
967 643 1054 705 effert

187 744 240 793 330
258 733 362 792 matris
386 729 572 792 adulterium.
617 736 681 790 tum
704 727 789 811 livet,
813 731 892 810 quod
914 732 1096 794 Ricimerem

259 824 290 882 10
314 838 439 899 regnum
463 819 522 880 duo
544 836 636 898 regna
658 826 777 902 vocant3
800 837 869 880 nam
891 827 976 899 patre
1000 820 1135 904 SuebuS,

258 929 274 971 3
297 911 448 989 genetrice
472 906 569 968 Getes.
615 906 705 969 simul
727 914 758 968 et
780 910 984 970 reminiscitur
1007 909 1094 992 illud,

257 998 335 1078 quod
358 997 536 1058 Tartesiacis
560 1014 631 1057 avus
654 991 743 1057 huius
761 996 853 1058 Vallia
875 1000 966 1058 terris

256 1086 428 1148 Vandalicas
449 1093 563 1146 turmas
586 1093 616 1146 et
638 1087 733 1146 iuncti
755 1085 857 1147 Martis
879 1085 1007 1148 Halanos

184 1177 361 1240 constravit
383 1182 413 1235 et
436 1175 589 1236 occiduam
611 1181 713 1234 texere
737 1174 879 1236 cadavera
902 1175 1020 1255 Calpen

256 1265 327 1346 quid
350 1271 467 1325 veteres
489 1281 611 1324 narrare
634 1263 732 1342 fugas,
756 1263 827 1342 quid
850 1264 957 1325 damna
979 1262 1141 1345 priorum?

255 1354 441 1433 Agrigentini
463 1352 568 1413 recolit
590 1352 744 1431 dispendia
768 1355 872 1432 campi.

255 1444 325 1504 inde
348 1443 432 1524 furit,
456 1441 534 1521 quod
557 1459 589 1502 se
613 1440 714 1502 docuit
737 1443 809 1502 satis
833 1444 889 1502 iste
911 1450 1051 1522 nepotem

256 1531 337 1593 illius
361 1548 427 1592 esse
451 1533 521 1612 viri,
544 1548 603 1609 quo
625 1532 704 1608 viso,
727 1529 870 1612 Vandale,
894 1549 1012 1612 semper

184 1634 237 1685 330
255 1628 338 1700 terga
362 1619 460 1681 dahas.
505 1637 574 1680 nam
597 1636 657 1680 non
681 1618 790 1681 Siculis
813 1619 959 1681 illustrior
981 1621 1059 1680 arvis

256 1718 302 1791 tu,
325 1708 481 1790 Marcelle‚‘
498 1708 593 1789 redis,
616 1725 670 1788 per
694 1726 783 1786 quem
805 1708 913 1770 tellure
935 1711 1070 1788 marique

256 1806 357 1860 nostra
381 1798 554 1877 Syracusios
577 1804 754 1876 presserunt
776 1815 857 1858 arma
879 1805 1020 1878 penates3

255 1907 311 1950 nec
335 1895 384 1969 tu,
407 1890 456 1948 cui
480 1904 601 1948 currum
614 1885 708 1946 ¹Curii
732 1904 888 1967 superare,
911 1885 1042 1968 Metelle,

256 1979 393 2058 contigit,
416 1982 569 2036 ostentans
592 1973 679 2035 nobis
703 1974 829 2035 elelanta
851 1975 1050 2056 frequentem,

75 2075 79 2084 ’
183 2078 236 2128 370
256 2084 327 2145 grex
350 2068 436 2143 niger
459 2063 592 2124 albentes
615 2070 730 2142 tegeret
754 2081 822 2124 cum
845 2063 922 2125 mole
946 2063 1059 2143 iugales

255 2163 466 2233 auctoremque
490 2170 577 2214 suum
600 2151 710 2214 celaret
731 2171 840 2232 pompa
862 2153 1014 2232 triumphi.

255 2244 381 2304 Noricus
405 2240 615 2320 Ostrogothum
639 2241 718 2320 quod
743 2244 887 2323 continet,
910 2244 967 2303 iste
990 2244 1129 2325 timetur3

256 2331 347 2392 Gallia
371 2330 450 2411 quod
472 2330 569 2391 Rheni
591 2330 714 2392 Martem
737 2330 821 2412 ligat,
845 2333 901 2391 iste
923 2332 1026 2410 pavori
1050 2338 1109 2413 est;

255 2421 333 2500 quod
357 2422 576 2499 consanguineo
599 2438 646 2480 me
669 2419 817 2480 Vandalus
838 2419 934 2480 hostis
956 2418 1068 2480 Halano

182 2522 236 2572 330
255 2509 378 2589 diripuit
400 2509 535 2588 radente,
559 2511 621 2570 3013
644 2509 694 2569 hic
716 2507 797 2570 ultus
820 2507 856 2568 ah
881 2510 981 2570 armis.

255 2598 308 2659 sed
330 2606 430 2659 temen
452 2616 531 2659 0003
553 2597 641 2658 homo
665 2605 711 2658 est
733 2616 790 2658 000
811 2604 893 2658 tanta
915 2597 1046 2677 pericula
1070 2596 1156 2660 solus

234 2686 372 2767 tollere,
396 2686 448 2749 sed
471 2687 592 2748 differre
615 2693 728 2766 potest:
751 2685 839 2746 modo
862 2688 998 2766 principe
1021 2685 1109 2747 nohis

255 2782 301 2837 est
324 2795 398 2856 opus
421 2783 546 2857 armato,
569 2782 703 2836 veterum
727 2777 779 2855 qui
801 2793 884 2836 more
906 2782 1064 2854 parentum

255 2883 315 2927 non
337 2865 457 2926 mandet
480 2865 531 2925 sed
554 2863 631 2926 helle
655 2871 751 2944 gerat,
774 2882 863 2943 quem
887 2866 970 2943 signa
993 2871 1165 2926 moventem

184 2952 405 3016 3331003001
428 2953 507 3015 unda
530 2960 671 3035 tremant,
695 2961 728 3014 ut
750 2953 871 3014 tandem
893 2955 958 3014 iure
982 2959 1102 3032 recepto

255 3041 379 3104 Romula
403 3042 540 3104 desuetas
563 3043 756 3104 moderentur
779 3041 902 3102 classica
926 3037 1056 3103 classes?

298 3132 400 3193 Audiit
422 3130 471 3192 illa
494 3138 591 3213 pater,
615 3130 704 3192 simul
727 3133 838 3192 annuit.
879 3133 940 3192 itur
963 3133 994 3192 in
1017 3129 1133 3192 urbem.

255 3223 395 3283 continuo
418 3220 499 3281 videt
520 3222 584 3299 ipse
608 3221 707 3302 deam,
731 3222 908 3281 summissus
931 3219 1044 3300 adorat,

254 3318 358 3390 pectus
383 3316 413 3370 et
435 3317 566 3371 exertam
588 3311 753 3388 tetigerunt
776 3327 886 3370 cornua
909 3326 1079 3391 mammam3

237 3521 288 3570 373
308 3515 457 3571 3133003103
476 3516 553 3571 codd.
559 3535 569 3582 ;
588 3515 622 3583 cf.
637 3514 742 3572 Arcano.
758 3515 878 3584 XVHI,
891 3520 920 3584 3,
934 3518 1003 3580 304,·
1026 3512 1182 3571 Claudiae.
1286 3523 1287 3530 ’

164 3602 187 3642 0.
204 3586 351 3657 LXVIII,
365 3593 398 3657 6;
417 3587 578 3658 Syracosios
593 3587 661 3643 Luc.
676 3587 795 3643 Mueller
807 3589 817 3656 ΙΙ
831 3591 882 3642 383
898 3586 959 3659 sed]
975 3585 999 3641 31
1012 3585 1165 3643 Buecheler
1173 3588 1184 3660 ss
