<?xml version="1.0" encoding="UTF-8"?>
<!DOCTYPE html PUBLIC "-//W3C//DTD XHTML 1.0 Transitional//EN"
    "http://www.w3.org/TR/xhtml1/DTD/xhtml1-transitional.dtd">
<html xmlns="http://www.w3.org/1999/xhtml" xml:lang="en" lang="en">
 <head>
  <title>
</title>
<meta http-equiv="Content-Type" content="text/html;charset=utf-8" />
  <meta name='ocr-system' content='tesseract 3.04.00' />
  <meta name='ocr-capabilities' content='ocr_page ocr_carea ocr_par ocr_line ocrx_word'/>
</head>
<body>
  <div class='ocr_page' id='page_1' title='image "./csolliusapollin01apolgoog_0360.png"; bbox 0 0 2628 4034; ppageno 0'>
   <div class='ocr_carea' id='block_1_1' title="bbox 546 216 762 273">
    <p class='ocr_par' dir='ltr' id='par_1_1' title="bbox 546 216 762 273">
     <span class='ocr_line' id='line_1_1' title="bbox 546 216 762 273; baseline 0.005 -1"><span class='ocrx_word' id='word_1_1' title='bbox 546 216 697 272; x_wconf 84' lang='lat' dir='ltr'>CARMEN</span> <span class='ocrx_word' id='word_1_2' title='bbox 715 218 762 273; x_wconf 87' lang='lat' dir='ltr'>IX.</span> 
     </span>
    </p>
   </div>
   <div class='ocr_carea' id='block_1_2' title="bbox 229 363 987 3383">
    <p class='ocr_par' dir='ltr' id='par_1_2' title="bbox 301 363 913 537">
     <span class='ocr_line' id='line_1_2' title="bbox 301 363 806 447; baseline 0.006 -24"><span class='ocrx_word' id='word_1_3' title='bbox 301 363 399 428; x_wconf 83' lang='lat' dir='ltr'>Musas</span> <span class='ocrx_word' id='word_1_4' title='bbox 423 375 468 427; x_wconf 89' lang='lat' dir='ltr'>sat</span> <span class='ocrx_word' id='word_1_5' title='bbox 490 365 674 427; x_wconf 85' lang='lat' dir='ltr'>venerabiles</span> <span class='ocrx_word' id='word_1_6' title='bbox 697 366 806 447; x_wconf 91' lang='lat' dir='ltr'>Hoeni,</span> 
     </span>
     <span class='ocr_line' id='line_1_3' title="bbox 301 454 913 537; baseline 0.003 -23"><span class='ocrx_word' id='word_1_7' title='bbox 301 473 399 517; x_wconf 90' lang='lat' dir='ltr'>acrem</span> <span class='ocrx_word' id='word_1_8' title='bbox 422 456 639 537; x_wconf 81' lang='lat' dir='ltr'><strong>Lampridium,</strong></span> <span class='ocrx_word' id='word_1_9' title='bbox 662 463 761 516; x_wconf 91' lang='lat' dir='ltr'>catum</span> <span class='ocrx_word' id='word_1_10' title='bbox 783 454 913 517; x_wconf 81' lang='lat' dir='ltr'>Leonem</span> 
     </span>
    </p>

    <p class='ocr_par' dir='ltr' id='par_1_3' title="bbox 229 544 941 794">
     <span class='ocr_line' id='line_1_4' title="bbox 229 544 874 624; baseline 0.003 -21"><span class='ocrx_word' id='word_1_11' title='bbox 229 554 284 604; x_wconf 79' lang='grc'>313</span> <span class='ocrx_word' id='word_1_12' title='bbox 304 552 565 624; x_wconf 81' lang='lat' dir='ltr'>praestantemque</span> <span class='ocrx_word' id='word_1_13' title='bbox 588 545 659 605; x_wconf 88' lang='lat' dir='ltr'>tuha</span> <span class='ocrx_word' id='word_1_14' title='bbox 683 544 874 606; x_wconf 84' lang='lat' dir='ltr'>Severianum</span> 
     </span>
     <span class='ocr_line' id='line_1_5' title="bbox 302 633 941 716; baseline -0.002 -21"><span class='ocrx_word' id='word_1_15' title='bbox 302 639 332 694; x_wconf 89' lang='lat' dir='ltr'>ct</span> <span class='ocrx_word' id='word_1_16' title='bbox 355 638 397 695; x_wconf 91' lang='lat' dir='ltr'>sic</span> <span class='ocrx_word' id='word_1_17' title='bbox 422 634 553 695; x_wconf 90' lang='lat' dir='ltr'>scribere</span> <span class='ocrx_word' id='word_1_18' title='bbox 577 652 637 695; x_wconf 94' lang='lat' dir='ltr'>non</span> <span class='ocrx_word' id='word_1_19' title='bbox 660 635 759 694; x_wconf 91' lang='lat' dir='ltr'>minus</span> <span class='ocrx_word' id='word_1_20' title='bbox 782 633 941 716; x_wconf 85' lang='lat' dir='ltr'>valentem,</span> 
     </span>
     <span class='ocr_line' id='line_1_6' title="bbox 301 722 841 794; baseline 0.004 -13"><span class='ocrx_word' id='word_1_21' title='bbox 301 722 417 784; x_wconf 84' lang='lat' dir='ltr'>Marcus</span> <span class='ocrx_word' id='word_1_22' title='bbox 440 722 640 794; x_wconf 79' lang='lat' dir='ltr'>Quintilianus</span> <span class='ocrx_word' id='word_1_23' title='bbox 663 730 697 783; x_wconf 95' lang='lat' dir='ltr'>ut</span> <span class='ocrx_word' id='word_1_24' title='bbox 720 722 841 783; x_wconf 88' lang='lat' dir='ltr'>solebat.</span> 
     </span>
    </p>

    <p class='ocr_par' dir='ltr' id='par_1_4' title="bbox 269 812 956 983">
     <span class='ocr_line' id='line_1_7' title="bbox 345 812 943 874; baseline -0.002 -1"><span class='ocrx_word' id='word_1_25' title='bbox 345 813 406 873; x_wconf 88' lang='lat' dir='ltr'>Nos</span> <span class='ocrx_word' id='word_1_26' title='bbox 430 812 513 874; x_wconf 91' lang='lat' dir='ltr'>valde</span> <span class='ocrx_word' id='word_1_27' title='bbox 537 812 648 873; x_wconf 89' lang='lat' dir='ltr'>sterilis</span> <span class='ocrx_word' id='word_1_28' title='bbox 671 812 774 873; x_wconf 90' lang='lat' dir='ltr'>modos</span> <span class='ocrx_word' id='word_1_29' title='bbox 799 812 943 874; x_wconf 85' lang='lat' dir='ltr'>Camenae</span> 
     </span>
     <span class='ocr_line' id='line_1_8' title="bbox 269 899 956 983; baseline 0 -21"><span class='ocrx_word' id='word_1_30' title='bbox 269 959 270 962; x_wconf 74' lang='grc'>,</span> <span class='ocrx_word' id='word_1_31' title='bbox 301 918 385 963; x_wconf 90' lang='lat' dir='ltr'>rarae</span> <span class='ocrx_word' id='word_1_32' title='bbox 410 901 558 962; x_wconf 89' lang='lat' dir='ltr'>credimus</span> <span class='ocrx_word' id='word_1_33' title='bbox 581 901 636 962; x_wconf 90' lang='lat' dir='ltr'>hos</span> <span class='ocrx_word' id='word_1_34' title='bbox 659 899 801 980; x_wconf 89' lang='lat' dir='ltr'>brevique</span> <span class='ocrx_word' id='word_1_35' title='bbox 825 901 956 983; x_wconf 87' lang='lat' dir='ltr'>chartae,</span> 
     </span>
    </p>

    <p class='ocr_par' dir='ltr' id='par_1_5' title="bbox 230 990 986 1430">
     <span class='ocr_line' id='line_1_9' title="bbox 230 990 986 1070; baseline 0.001 -21"><span class='ocrx_word' id='word_1_36' title='bbox 230 999 284 1049; x_wconf 78' lang='grc'>300</span> <span class='ocrx_word' id='word_1_37' title='bbox 307 1009 381 1068; x_wconf 94' lang='lat' dir='ltr'>quae</span> <span class='ocrx_word' id='word_1_38' title='bbox 406 990 559 1051; x_wconf 85' lang='lat' dir='ltr'>scombros</span> <span class='ocrx_word' id='word_1_39' title='bbox 583 991 689 1050; x_wconf 89' lang='lat' dir='ltr'>merito</span> <span class='ocrx_word' id='word_1_40' title='bbox 713 992 858 1070; x_wconf 85' lang='lat' dir='ltr'>piperque</span> <span class='ocrx_word' id='word_1_41' title='bbox 880 997 986 1069; x_wconf 79' lang='lat' dir='ltr'>portet,</span> 
     </span>
     <span class='ocr_line' id='line_1_10' title="bbox 302 1079 978 1160; baseline 0 -20"><span class='ocrx_word' id='word_1_42' title='bbox 302 1097 372 1140; x_wconf 92' lang='lat' dir='ltr'>nam</span> <span class='ocrx_word' id='word_1_43' title='bbox 395 1081 533 1158; x_wconf 90' lang='lat' dir='ltr'>quisnam</span> <span class='ocrx_word' id='word_1_44' title='bbox 556 1079 630 1140; x_wconf 90' lang='lat' dir='ltr'>deus</span> <span class='ocrx_word' id='word_1_45' title='bbox 653 1079 709 1139; x_wconf 94' lang='lat' dir='ltr'>hoc</span> <span class='ocrx_word' id='word_1_46' title='bbox 732 1079 814 1140; x_wconf 89' lang='lat' dir='ltr'>dabit</span> <span class='ocrx_word' id='word_1_47' title='bbox 836 1081 978 1160; x_wconf 87' lang='lat' dir='ltr'>reiectae,</span> 
     </span>
     <span class='ocr_line' id='line_1_11' title="bbox 302 1167 856 1248; baseline 0.002 -20"><span class='ocrx_word' id='word_1_48' title='bbox 302 1176 336 1229; x_wconf 94' lang='lat' dir='ltr'>ut</span> <span class='ocrx_word' id='word_1_49' title='bbox 358 1168 404 1228; x_wconf 90' lang='lat' dir='ltr'>vel</span> <span class='ocrx_word' id='word_1_50' title='bbox 428 1171 594 1248; x_wconf 88' lang='lat' dir='ltr'>suscipiens</span> <span class='ocrx_word' id='word_1_51' title='bbox 618 1167 712 1228; x_wconf 91' lang='lat' dir='ltr'>bonos</span> <span class='ocrx_word' id='word_1_52' title='bbox 735 1168 856 1248; x_wconf 91' lang='lat' dir='ltr'>odores,</span> 
     </span>
     <span class='ocr_line' id='line_1_12' title="bbox 302 1257 849 1337; baseline 0.004 -21"><span class='ocrx_word' id='word_1_53' title='bbox 302 1258 428 1318; x_wconf 90' lang='lat' dir='ltr'>nardum</span> <span class='ocrx_word' id='word_1_54' title='bbox 452 1276 485 1318; x_wconf 89' lang='lat' dir='ltr'>ac</span> <span class='ocrx_word' id='word_1_55' title='bbox 507 1259 629 1337; x_wconf 85' lang='lat' dir='ltr'>pinguia</span> <span class='ocrx_word' id='word_1_56' title='bbox 652 1257 849 1318; x_wconf 90' lang='lat' dir='ltr'>Nicerotianis</span> 
     </span>
     <span class='ocr_line' id='line_1_13' title="bbox 302 1345 933 1430; baseline 0.002 -23"><span class='ocrx_word' id='word_1_57' title='bbox 302 1364 376 1424; x_wconf 89' lang='lat' dir='ltr'>quae</span> <span class='ocrx_word' id='word_1_58' title='bbox 400 1347 531 1425; x_wconf 81' lang='lat' dir='ltr'>fragrant</span> <span class='ocrx_word' id='word_1_59' title='bbox 558 1345 702 1406; x_wconf 87' lang='lat' dir='ltr'>alabastra</span> <span class='ocrx_word' id='word_1_60' title='bbox 725 1348 816 1407; x_wconf 86' lang='lat' dir='ltr'>tincta</span> <span class='ocrx_word' id='word_1_61' title='bbox 840 1349 933 1430; x_wconf 78' lang='lat' dir='ltr'>sunio,</span> 
     </span>
    </p>

    <p class='ocr_par' dir='ltr' id='par_1_6' title="bbox 229 1435 987 1871">
     <span class='ocr_line' id='line_1_14' title="bbox 229 1435 872 1516; baseline 0 -21"><span class='ocrx_word' id='word_1_62' title='bbox 229 1444 282 1495; x_wconf 79' lang='grc'>330</span> <span class='ocrx_word' id='word_1_63' title='bbox 302 1435 373 1496; x_wconf 89' lang='lat' dir='ltr'>Indo</span> <span class='ocrx_word' id='word_1_64' title='bbox 397 1437 554 1497; x_wconf 85' lang='lat' dir='ltr'>cinnamon</span> <span class='ocrx_word' id='word_1_65' title='bbox 578 1453 614 1495; x_wconf 87' lang='lat' dir='ltr'>ex</span> <span class='ocrx_word' id='word_1_66' title='bbox 638 1452 709 1514; x_wconf 88' lang='lat' dir='ltr'>rogo</span> <span class='ocrx_word' id='word_1_67' title='bbox 732 1437 872 1516; x_wconf 90' lang='lat' dir='ltr'>petitum,</span> 
     </span>
     <span class='ocr_line' id='line_1_15' title="bbox 304 1524 903 1604; baseline -0.002 -19"><span class='ocrx_word' id='word_1_68' title='bbox 304 1543 362 1603; x_wconf 93' lang='lat' dir='ltr'>quo</span> <span class='ocrx_word' id='word_1_69' title='bbox 385 1524 517 1585; x_wconf 83' lang='lat' dir='ltr'>Phoenix</span> <span class='ocrx_word' id='word_1_70' title='bbox 540 1525 705 1584; x_wconf 87' lang='lat' dir='ltr'>iuvenescit</span> <span class='ocrx_word' id='word_1_71' title='bbox 727 1524 903 1604; x_wconf 91' lang='lat' dir='ltr'>occidendo,</span> 
     </span>
     <span class='ocr_line' id='line_1_16' title="bbox 303 1613 987 1695; baseline 0.001 -22"><span class='ocrx_word' id='word_1_72' title='bbox 303 1621 431 1695; x_wconf 91' lang='lat' dir='ltr'>costum,</span> <span class='ocrx_word' id='word_1_73' title='bbox 454 1613 684 1693; x_wconf 87' lang='lat' dir='ltr'>malobathrum,</span> <span class='ocrx_word' id='word_1_74' title='bbox 706 1631 802 1693; x_wconf 90' lang='lat' dir='ltr'>rosas,</span> <span class='ocrx_word' id='word_1_75' title='bbox 826 1632 987 1695; x_wconf 86' lang='lat' dir='ltr'>amomum,</span> 
     </span>
     <span class='ocr_line' id='line_1_17' title="bbox 302 1699 987 1783; baseline 0.001 -21"><span class='ocrx_word' id='word_1_76' title='bbox 302 1703 468 1783; x_wconf 84' lang='lat' dir='ltr'>myrrham,</span> <span class='ocrx_word' id='word_1_77' title='bbox 492 1710 540 1763; x_wconf 94' lang='lat' dir='ltr'>tus</span> <span class='ocrx_word' id='word_1_78' title='bbox 564 1700 844 1780; x_wconf 88' lang='lat' dir='ltr'>opobalsamumque</span> <span class='ocrx_word' id='word_1_79' title='bbox 868 1699 987 1763; x_wconf 80' lang='lat' dir='ltr'>servet?</span> 
     </span>
     <span class='ocr_line' id='line_1_18' title="bbox 304 1791 853 1871; baseline -0.004 -19"><span class='ocrx_word' id='word_1_80' title='bbox 304 1798 484 1871; x_wconf 86' lang='lat' dir='ltr'>quapropter</span> <span class='ocrx_word' id='word_1_81' title='bbox 507 1791 622 1852; x_wconf 85' lang='lat' dir='ltr'>facinus</span> <span class='ocrx_word' id='word_1_82' title='bbox 645 1809 745 1851; x_wconf 89' lang='lat' dir='ltr'>meum</span> <span class='ocrx_word' id='word_1_83' title='bbox 768 1797 853 1851; x_wconf 89' lang='lat' dir='ltr'>tuere</span> 
     </span>
    </p>

    <p class='ocr_par' dir='ltr' id='par_1_7' title="bbox 229 1878 959 2314">
     <span class='ocr_line' id='line_1_19' title="bbox 229 1878 844 1960; baseline 0 -21"><span class='ocrx_word' id='word_1_84' title='bbox 229 1890 282 1939; x_wconf 84' lang='grc'>330</span> <span class='ocrx_word' id='word_1_85' title='bbox 302 1886 331 1940; x_wconf 91' lang='lat' dir='ltr'>et</span> <span class='ocrx_word' id='word_1_86' title='bbox 355 1880 551 1960; x_wconf 89' lang='lat' dir='ltr'>condiscipuli</span> <span class='ocrx_word' id='word_1_87' title='bbox 573 1878 630 1941; x_wconf 92' lang='lat' dir='ltr'>tihi</span> <span class='ocrx_word' id='word_1_88' title='bbox 653 1878 844 1959; x_wconf 91' lang='lat' dir='ltr'>obsequentis</span> 
     </span>
     <span class='ocr_line' id='line_1_20' title="bbox 302 1968 924 2050; baseline 0.002 -22"><span class='ocrx_word' id='word_1_89' title='bbox 302 1970 465 2050; x_wconf 89' lang='lat' dir='ltr'>incautum,</span> <span class='ocrx_word' id='word_1_90' title='bbox 489 1988 608 2049; x_wconf 88' lang='lat' dir='ltr'>precor,</span> <span class='ocrx_word' id='word_1_91' title='bbox 632 1987 749 2030; x_wconf 88' lang='lat' dir='ltr'>asseras</span> <span class='ocrx_word' id='word_1_92' title='bbox 771 1968 924 2049; x_wconf 88' lang='lat' dir='ltr'>pudorem.</span> 
     </span>
     <span class='ocr_line' id='line_1_21' title="bbox 302 2057 950 2139; baseline 0.003 -23"><span class='ocrx_word' id='word_1_93' title='bbox 302 2075 475 2136; x_wconf 81' lang='lat' dir='ltr'>germanum</span> <span class='ocrx_word' id='word_1_94' title='bbox 498 2065 598 2118; x_wconf 89' lang='lat' dir='ltr'>tamen</span> <span class='ocrx_word' id='word_1_95' title='bbox 621 2066 688 2118; x_wconf 89' lang='lat' dir='ltr'>ante</span> <span class='ocrx_word' id='word_1_96' title='bbox 712 2057 765 2118; x_wconf 88' lang='lat' dir='ltr'>scd</span> <span class='ocrx_word' id='word_1_97' title='bbox 788 2066 950 2139; x_wconf 86' lang='lat' dir='ltr'>memento,</span> 
     </span>
     <span class='ocr_line' id='line_1_22' title="bbox 303 2146 959 2229; baseline 0.006 -24"><span class='ocrx_word' id='word_1_98' title='bbox 303 2146 454 2206; x_wconf 87' lang='lat' dir='ltr'>doctrinae</span> <span class='ocrx_word' id='word_1_99' title='bbox 478 2146 628 2228; x_wconf 87' lang='lat' dir='ltr'>columen,</span> <span class='ocrx_word' id='word_1_100' title='bbox 643 2147 781 2226; x_wconf 28' lang='lat' dir='ltr'>,Probum</span> <span class='ocrx_word' id='word_1_101' title='bbox 804 2147 959 2229; x_wconf 80' lang='lat' dir='ltr'>advocare,</span> 
     </span>
     <span class='ocr_line' id='line_1_23' title="bbox 301 2235 712 2314; baseline 0.005 -20"><span class='ocrx_word' id='word_1_102' title='bbox 301 2237 353 2295; x_wconf 93' lang='lat' dir='ltr'>isti</span> <span class='ocrx_word' id='word_1_103' title='bbox 376 2238 428 2314; x_wconf 93' lang='lat' dir='ltr'>qni</span> <span class='ocrx_word' id='word_1_104' title='bbox 451 2235 527 2296; x_wconf 86' lang='lat' dir='ltr'>valet</span> <span class='ocrx_word' id='word_1_105' title='bbox 549 2239 712 2297; x_wconf 82' lang='lat' dir='ltr'>exarationi</span> 
     </span>
    </p>

    <p class='ocr_par' dir='ltr' id='par_1_8' title="bbox 229 2323 922 2760">
     <span class='ocr_line' id='line_1_24' title="bbox 229 2323 881 2404; baseline 0.002 -19"><span class='ocrx_word' id='word_1_106' title='bbox 229 2335 282 2385; x_wconf 83' lang='grc'>330</span> <span class='ocrx_word' id='word_1_107' title='bbox 303 2323 479 2385; x_wconf 89' lang='lat' dir='ltr'>destrictum</span> <span class='ocrx_word' id='word_1_108' title='bbox 502 2324 598 2384; x_wconf 93' lang='lat' dir='ltr'>honus</span> <span class='ocrx_word' id='word_1_109' title='bbox 622 2324 769 2404; x_wconf 92' lang='lat' dir='ltr'>applicare</span> <span class='ocrx_word' id='word_1_110' title='bbox 792 2326 881 2387; x_wconf 90' lang='lat' dir='ltr'>theta.</span> 
     </span>
     <span class='ocr_line' id='line_1_25' title="bbox 301 2411 922 2498; baseline 0.003 -25"><span class='ocrx_word' id='word_1_111' title='bbox 301 2415 370 2473; x_wconf 89' lang='lat' dir='ltr'>novi</span> <span class='ocrx_word' id='word_1_112' title='bbox 394 2414 445 2474; x_wconf 89' lang='lat' dir='ltr'>sed</span> <span class='ocrx_word' id='word_1_113' title='bbox 468 2411 560 2494; x_wconf 89' lang='lat' dir='ltr'>bene,</span> <span class='ocrx_word' id='word_1_114' title='bbox 584 2431 643 2474; x_wconf 92' lang='lat' dir='ltr'>non</span> <span class='ocrx_word' id='word_1_115' title='bbox 667 2413 769 2474; x_wconf 86' lang='lat' dir='ltr'>retello</span> <span class='ocrx_word' id='word_1_116' title='bbox 793 2414 922 2498; x_wconf 90' lang='lat' dir='ltr'>culpam,</span> 
     </span>
     <span class='ocr_line' id='line_1_26' title="bbox 301 2501 895 2586; baseline 0.002 -24"><span class='ocrx_word' id='word_1_117' title='bbox 301 2519 356 2562; x_wconf 91' lang='lat' dir='ltr'>ncc</span> <span class='ocrx_word' id='word_1_118' title='bbox 379 2501 474 2563; x_wconf 90' lang='lat' dir='ltr'>doctis</span> <span class='ocrx_word' id='word_1_119' title='bbox 497 2501 594 2583; x_wconf 88' lang='lat' dir='ltr'>placet</span> <span class='ocrx_word' id='word_1_120' title='bbox 616 2501 773 2579; x_wconf 91' lang='lat' dir='ltr'>impudens</span> <span class='ocrx_word' id='word_1_121' title='bbox 796 2511 895 2586; x_wconf 87' lang='lat' dir='ltr'>poeta;</span> 
     </span>
     <span class='ocr_line' id='line_1_27' title="bbox 303 2590 804 2670; baseline 0 -20"><span class='ocrx_word' id='word_1_122' title='bbox 303 2590 354 2651; x_wconf 93' lang='lat' dir='ltr'>sed</span> <span class='ocrx_word' id='word_1_123' title='bbox 378 2609 433 2652; x_wconf 92' lang='lat' dir='ltr'>nec</span> <span class='ocrx_word' id='word_1_124' title='bbox 456 2591 573 2670; x_wconf 85' lang='lat' dir='ltr'>turgida</span> <span class='ocrx_word' id='word_1_125' title='bbox 597 2590 804 2651; x_wconf 88' lang='lat' dir='ltr'>contumeliosi</span> 
     </span>
     <span class='ocr_line' id='line_1_28' title="bbox 302 2678 807 2760; baseline 0.004 -23"><span class='ocrx_word' id='word_1_126' title='bbox 302 2678 421 2740; x_wconf 90' lang='lat' dir='ltr'>lectoris</span> <span class='ocrx_word' id='word_1_127' title='bbox 445 2682 571 2741; x_wconf 91' lang='lat' dir='ltr'>nimium</span> <span class='ocrx_word' id='word_1_128' title='bbox 594 2678 719 2740; x_wconf 92' lang='lat' dir='ltr'>verebor</span> <span class='ocrx_word' id='word_1_129' title='bbox 743 2693 807 2760; x_wconf 92' lang='lat' dir='ltr'>ora,</span> 
     </span>
    </p>

    <p class='ocr_par' dir='ltr' id='par_1_9' title="bbox 230 2770 936 3208">
     <span class='ocr_line' id='line_1_29' title="bbox 230 2770 855 2848; baseline 0 -20"><span class='ocrx_word' id='word_1_130' title='bbox 230 2780 283 2830; x_wconf 94' lang='grc'>340</span> <span class='ocrx_word' id='word_1_131' title='bbox 303 2770 328 2828; x_wconf 88' lang='lat' dir='ltr'>si</span> <span class='ocrx_word' id='word_1_132' title='bbox 352 2775 501 2847; x_wconf 87' lang='lat' dir='ltr'>tamquam</span> <span class='ocrx_word' id='word_1_133' title='bbox 525 2771 642 2848; x_wconf 86' lang='lat' dir='ltr'>gravior</span> <span class='ocrx_word' id='word_1_134' title='bbox 666 2771 855 2847; x_wconf 84' lang='lat' dir='ltr'>severiorque</span> 
     </span>
     <span class='ocr_line' id='line_1_30' title="bbox 302 2857 936 2938; baseline 0.003 -22"><span class='ocrx_word' id='word_1_135' title='bbox 302 2865 421 2918; x_wconf 90' lang='lat' dir='ltr'>nostrae</span> <span class='ocrx_word' id='word_1_136' title='bbox 444 2858 658 2938; x_wconf 87' lang='lat' dir='ltr'>Terpsichores</span> <span class='ocrx_word' id='word_1_137' title='bbox 682 2859 780 2918; x_wconf 90' lang='lat' dir='ltr'>iocum</span> <span class='ocrx_word' id='word_1_138' title='bbox 803 2857 936 2918; x_wconf 84' lang='lat' dir='ltr'>refutans</span> 
     </span>
     <span class='ocr_line' id='line_1_31' title="bbox 301 2945 759 3024; baseline 0.002 -19"><span class='ocrx_word' id='word_1_139' title='bbox 301 2953 404 3024; x_wconf 84' lang='lat' dir='ltr'>rugato</span> <span class='ocrx_word' id='word_1_140' title='bbox 429 2947 499 3009; x_wconf 84' lang='lat' dir='ltr'>Cato</span> <span class='ocrx_word' id='word_1_141' title='bbox 523 2949 630 3008; x_wconf 88' lang='lat' dir='ltr'>tertius</span> <span class='ocrx_word' id='word_1_142' title='bbox 654 2945 759 3007; x_wconf 85' lang='lat' dir='ltr'>labello</span> 
     </span>
     <span class='ocr_line' id='line_1_32' title="bbox 301 3036 834 3097; baseline 0.002 -3"><span class='ocrx_word' id='word_1_143' title='bbox 301 3052 403 3094; x_wconf 89' lang='lat' dir='ltr'>narem</span> <span class='ocrx_word' id='word_1_144' title='bbox 426 3036 674 3097; x_wconf 88' lang='lat' dir='ltr'>rhinoceroticam</span> <span class='ocrx_word' id='word_1_145' title='bbox 696 3037 834 3096; x_wconf 90' lang='lat' dir='ltr'>minetur.</span> 
     </span>
     <span class='ocr_line' id='line_1_33' title="bbox 301 3125 881 3208; baseline 0.002 -26"><span class='ocrx_word' id='word_1_146' title='bbox 301 3141 360 3183; x_wconf 92' lang='lat' dir='ltr'>non</span> <span class='ocrx_word' id='word_1_147' title='bbox 382 3131 412 3184; x_wconf 88' lang='lat' dir='ltr'>te</span> <span class='ocrx_word' id='word_1_148' title='bbox 435 3131 547 3186; x_wconf 88' lang='lat' dir='ltr'>terreat</span> <span class='ocrx_word' id='word_1_149' title='bbox 570 3125 619 3186; x_wconf 88' lang='lat' dir='ltr'>hic</span> <span class='ocrx_word' id='word_1_150' title='bbox 641 3127 730 3185; x_wconf 87' lang='lat' dir='ltr'>nimis</span> <span class='ocrx_word' id='word_1_151' title='bbox 753 3125 881 3208; x_wconf 79' lang='lat' dir='ltr'>peritus3</span> 
     </span>
    </p>

    <p class='ocr_par' dir='ltr' id='par_1_10' title="bbox 229 3214 970 3383">
     <span class='ocr_line' id='line_1_34' title="bbox 229 3214 846 3294; baseline -0.003 -20"><span class='ocrx_word' id='word_1_152' title='bbox 229 3225 403 3274; x_wconf 75' lang='lat' dir='ltr'>atavorum</span> <span class='ocrx_word' id='word_1_153' title='bbox 428 3215 453 3273; x_wconf 89' lang='lat' dir='ltr'>si</span> <span class='ocrx_word' id='word_1_154' title='bbox 477 3216 579 3293; x_wconf 92' lang='lat' dir='ltr'>cupias</span> <span class='ocrx_word' id='word_1_155' title='bbox 602 3214 742 3294; x_wconf 90' lang='lat' dir='ltr'>probare,</span> <span class='ocrx_word' id='word_1_156' title='bbox 766 3219 846 3273; x_wconf 88' lang='lat' dir='ltr'>tanta</span> 
     </span>
     <span class='ocr_line' id='line_1_35' title="bbox 300 3301 970 3383; baseline 0.001 -21"><span class='ocrx_word' id='word_1_157' title='bbox 300 3301 399 3362; x_wconf 90' lang='lat' dir='ltr'>nullus</span> <span class='ocrx_word' id='word_1_158' title='bbox 423 3304 492 3383; x_wconf 91' lang='lat' dir='ltr'>scit,</span> <span class='ocrx_word' id='word_1_159' title='bbox 515 3303 588 3363; x_wconf 91' lang='lat' dir='ltr'>mihi</span> <span class='ocrx_word' id='word_1_160' title='bbox 611 3304 713 3383; x_wconf 90' lang='lat' dir='ltr'>crede,</span> <span class='ocrx_word' id='word_1_161' title='bbox 737 3309 845 3380; x_wconf 85' lang='lat' dir='ltr'>quanta</span> <span class='ocrx_word' id='word_1_162' title='bbox 867 3303 970 3364; x_wconf 89' lang='lat' dir='ltr'>nescit.</span> 
     </span>
    </p>
   </div>
   <div class='ocr_carea' id='block_1_3' title="bbox 138 3437 1182 3676">
    <p class='ocr_par' dir='ltr' id='par_1_11' title="bbox 138 3437 1182 3676">
     <span class='ocr_line' id='line_1_36' title="bbox 211 3437 1182 3512; baseline 0.001 -23"><span class='ocrx_word' id='word_1_163' title='bbox 211 3439 262 3490; x_wconf 81' lang='grc'>317</span> <span class='ocrx_word' id='word_1_164' title='bbox 291 3437 406 3492; x_wconf 82' lang='lat' dir='ltr'>valebat</span> <span class='ocrx_word' id='word_1_165' title='bbox 433 3438 459 3493; x_wconf 83' lang='grc' dir='ltr'><em>Τ</em></span> <span class='ocrx_word' id='word_1_166' title='bbox 487 3441 497 3507; x_wconf 94' lang='lat' dir='ltr'>l</span> <span class='ocrx_word' id='word_1_167' title='bbox 528 3444 581 3494; x_wconf 78' lang='lat'>324</span> <span class='ocrx_word' id='word_1_168' title='bbox 607 3437 736 3507; x_wconf 80' lang='lat' dir='ltr'>fragrant</span> <span class='ocrx_word' id='word_1_169' title='bbox 762 3440 858 3509; x_wconf 58' lang='lat' dir='ltr'>orclem</span> <span class='ocrx_word' id='word_1_170' title='bbox 885 3438 1007 3508; x_wconf 80' lang='lat' dir='ltr'>flagrant</span> <span class='ocrx_word' id='word_1_171' title='bbox 1033 3440 1110 3496; x_wconf 81' lang='lat' dir='ltr'>codd.</span> <span class='ocrx_word' id='word_1_172' title='bbox 1150 3440 1155 3512; x_wconf 79' lang='grc'>1</span> <span class='ocrx_word' id='word_1_173' title='bbox 1178 3481 1182 3490; x_wconf 91' lang='grc'>.</span> 
     </span>
     <span class='ocr_line' id='line_1_37' title="bbox 138 3508 1139 3583; baseline 0.006 -25"><span class='ocrx_word' id='word_1_174' title='bbox 138 3510 192 3560; x_wconf 80' lang='grc'>339</span> <span class='ocrx_word' id='word_1_175' title='bbox 210 3509 307 3562; x_wconf 83' lang='lat' dir='ltr'>tueare</span> <span class='ocrx_word' id='word_1_176' title='bbox 328 3509 386 3578; x_wconf 78' lang='grc' dir='ltr'>ΟΡ,</span> <span class='ocrx_word' id='word_1_177' title='bbox 405 3510 485 3564; x_wconf 81' lang='lat' dir='ltr'>tuate</span> <span class='ocrx_word' id='word_1_178' title='bbox 506 3510 555 3581; x_wconf 74' lang='lat' dir='ltr'>Flt</span> <span class='ocrx_word' id='word_1_179' title='bbox 574 3516 625 3565; x_wconf 81' lang='lat'>385</span> <span class='ocrx_word' id='word_1_180' title='bbox 645 3508 805 3565; x_wconf 84' lang='lat' dir='ltr'>districtum</span> <span class='ocrx_word' id='word_1_181' title='bbox 823 3511 899 3567; x_wconf 77' lang='lat' dir='ltr'>codd.</span> <span class='ocrx_word' id='word_1_182' title='bbox 923 3512 933 3580; x_wconf 76' lang='grc' dir='ltr'>ΙΙ</span> <span class='ocrx_word' id='word_1_183' title='bbox 955 3515 1006 3565; x_wconf 87' lang='grc'>330</span> <span class='ocrx_word' id='word_1_184' title='bbox 1026 3511 1088 3583; x_wconf 88' lang='lat' dir='ltr'>sed]</span> <span class='ocrx_word' id='word_1_185' title='bbox 1108 3527 1139 3565; x_wconf 87' lang='lat' dir='ltr'>sa</span> 
     </span>
     <span class='ocr_line' id='line_1_38' title="bbox 145 3577 991 3676; baseline 0.007 -44"><span class='ocrx_word' id='word_1_186' title='bbox 145 3577 327 3676; x_wconf 46' lang='lat' dir='ltr'>Wllssmfflll</span> <span class='ocrx_word' id='word_1_187' title='bbox 339 3583 349 3650; x_wconf 89' lang='lat' dir='ltr'>l</span> <span class='ocrx_word' id='word_1_188' title='bbox 363 3586 414 3635; x_wconf 79' lang='lat'>342</span> <span class='ocrx_word' id='word_1_189' title='bbox 433 3580 550 3636; x_wconf 86' lang='lat' dir='ltr'>tetricus</span> <span class='ocrx_word' id='word_1_190' title='bbox 569 3583 665 3654; x_wconf 63' lang='lat' dir='ltr'>oolam</span> <span class='ocrx_word' id='word_1_191' title='bbox 683 3583 717 3650; x_wconf 84' lang='lat' dir='ltr'>cs.</span> <span class='ocrx_word' id='word_1_192' title='bbox 736 3583 860 3639; x_wconf 82' lang='lat' dir='ltr'>Iooeoat.</span> <span class='ocrx_word' id='word_1_193' title='bbox 875 3582 991 3653; x_wconf 49' lang='grc'><strong>1134011</strong></span> 
     </span>
    </p>
   </div>
   <div class='ocr_carea' id='block_1_4' title="bbox 192 3655 992 3726">
    <p class='ocr_par' dir='ltr' id='par_1_12' title="bbox 192 3655 992 3726">
     <span class='ocr_line' id='line_1_39' title="bbox 192 3655 992 3726; baseline 0.01 -8"><span class='ocrx_word' id='word_1_194' title='bbox 192 3655 361 3722; x_wconf 64' lang='lat' dir='ltr'>nronnmiixs</span> <span class='ocrx_word' id='word_1_195' title='bbox 377 3681 411 3723; x_wconf 84' lang='lat' dir='ltr'>ed.</span> <span class='ocrx_word' id='word_1_196' title='bbox 425 3681 511 3723; x_wconf 85' lang='lat' dir='ltr'>Mobr.</span> <span class='ocrx_word' id='word_1_197' title='bbox 958 3677 992 3726; x_wconf 78' lang='lat'>20</span> 
     </span>
    </p>
   </div>
   <div class='ocr_carea' id='block_1_5' title="bbox 0 0 1320 4034">
    <p class='ocr_par' dir='ltr' id='par_1_13' title="bbox 0 0 1320 4034">
     <span class='ocr_line' id='line_1_40' title="bbox 0 0 1320 4034; baseline 0 0"><span class='ocrx_word' id='word_1_198' title='bbox 0 0 1320 4034; x_wconf 95' lang='lat' dir='ltr'> </span> 
     </span>
    </p>
   </div>
  </div>
 </body>
</html>
