2580 4042
164 213 230 278 352
537 213 688 269 CARMEN
706 211 804 266 XXIV.

326 382 400 444 quae
423 369 541 423 nostros
564 361 641 424 bene
665 361 746 422 ducit
769 361 804 422 ad
829 361 952 443 sodales,

326 471 452 532 quorum
475 453 596 512 nomina
619 449 739 511 sedulus
763 453 875 530 notavi3

290 545 466 621 santiquus
488 540 544 601 tibi
566 559 623 601 nec
645 547 759 600 teratur
783 557 880 619 agger,

325 633 409 692 cuius
432 647 486 710 per
510 632 638 708 spatium
662 630 733 688 satis
756 630 881 689 vetustis

324 737 433 781 nomen
455 718 633 779 Caesareum
656 719 732 777 viret
755 717 913 798 columnis3

325 809 377 869 sed
401 809 512 868 sensim
536 807 673 886 gradere:
698 811 728 866 et
750 823 848 866 moras
872 805 1007 866 habendo

326 898 463 958 allectum
487 896 614 956 celerem
638 913 738 955 moves
763 896 874 955 amicis.

274 999 305 1047 ιο
369 986 410 1046 Ac
432 987 562 1066 primum
585 984 694 1044 Domiti
717 983 809 1045 larem
833 985 929 1044 severi

324 1075 449 1136 intrabis
472 1072 689 1153 trepidantibus
713 1073 863 1133 Camenis:

324 1172 384 1225 tam
408 1165 562 1224 censorius
585 1162 664 1222 haud
688 1162 743 1223 luit
765 1161 812 1222 vel
836 1160 894 1242 ille,

326 1272 414 1332 quem
438 1255 541 1312 risisse
566 1251 657 1312 semel
681 1251 781 1311 ferunt
803 1253 834 1311 in
858 1268 942 1331 aevo;

327 1342 379 1402 sed
403 1341 530 1420 gaudere
554 1348 638 1420 potes
662 1342 761 1418 rigore
785 1338 885 1400 docto:

275 1443 308 1491 15
327 1431 376 1490 hic
400 1433 425 1491 si
448 1437 477 1490 te
500 1429 614 1510 probat,
638 1428 775 1489 omnibus
797 1427 936 1508 placebis.

324 1520 394 1580 hinc
416 1527 445 1580 te
471 1521 613 1597 suscipiet
636 1517 764 1596 benigna
786 1517 898 1597 Brivas,

326 1610 420 1669 sancti
444 1626 519 1686 quae
543 1608 621 1667 fovet
645 1625 712 1667 ossa
734 1606 849 1686 Iuliani,

325 1716 399 1776 quae
423 1697 494 1757 dum
516 1703 633 1756 mortua
655 1697 781 1756 mortuis
804 1702 955 1775 putantur,

324 1789 425 1847 vivens
450 1803 465 1846 e
488 1784 603 1845 tumulo
627 1787 717 1845 micat
739 1791 878 1864 potestas.

272 1889 306 1938 20
324 1876 395 1936 hine
418 1876 477 1934 iam
500 1873 668 1935 dexteriora
691 1876 789 1952 carpis
812 1891 881 1932 arva

325 1982 522 2043 emensusque
546 1965 648 2041 iugum
672 1961 719 2023 die
744 1961 799 2022 sub
822 1979 881 2022 nno

324 2054 431 2113 flavum
454 2054 602 2113 crastinus
626 2053 734 2130 aspicis
757 2050 925 2131 Triobrem3

324 2150 387 2202 tum
410 2147 521 2201 terram
545 2140 686 2201 Gabalum
710 2142 780 2201 satis
803 2142 937 2199 nivosam

325 2239 364 2310 et,
388 2237 530 2308 quantum
554 2229 709 2308 indigenae
733 2229 835 2290 volunt
857 2230 964 2310 putari,

273 2331 306 2379 25
327 2318 484 2379 sublimem
507 2320 538 2378 in
560 2326 650 2398 puteo
673 2318 789 2379 videbis
812 2317 926 2377 urbem.

325 2408 395 2467 hinc
418 2415 447 2467 te
471 2409 614 2486 temporis
638 2406 674 2466 ad
698 2409 757 2467 mei
780 2404 912 2467 Laconas

325 2496 472 2557 Iustinum
495 2499 592 2576 rapies
617 2514 762 2574 suumque
786 2496 917 2575 fratrem,

326 2603 452 2664 quorum
475 2592 563 2645 notus
587 2603 670 2644 amor
692 2603 747 2663 per
770 2583 851 2644 orbis
875 2601 925 2645 ora

326 2674 419 2735 calcat
441 2673 665 2752 Pirithoumque
689 2674 896 2751 Theseumque

273 2777 307 2825 30
326 2771 356 2823 et
379 2763 470 2823 lidum
494 2763 590 2823 rabidi
613 2762 742 2823 sodalem
767 2761 897 2822 Orestae.

325 2853 431 2912 horum
455 2870 522 2912 cum
546 2852 639 2911 fueris
663 2854 731 2912 sinu
754 2858 901 2931 receptus,

324 2941 381 3001 ibis
404 2940 550 3001 Trevidon
574 2948 603 3001 et
627 2941 817 3001 calumniosis

325 3032 455 3090 vicinum
478 3031 576 3110 nimis,
598 3030 666 3111 heu,
689 3031 791 3108 iugum
814 3027 946 3089 Rutenis.

324 3118 373 3178 hic
396 3118 476 3179 docti
498 3120 632 3179 invenies
656 3126 769 3198 patrem
792 3117 927 3198 Tonanti,

272 3220 305 3267 35
326 3214 473 3267 rectorem
496 3206 692 3286 columenque
717 3206 886 3287 Galliarum,

325 3297 418 3374 prisci
439 3295 612 3356 Ferreolum
635 3315 737 3375 parem
761 3295 871 3376 syagri,

238 3505 253 3554 5
272 3503 380 3556 teretur
394 3502 422 3554 P
432 3503 470 3568 118
490 3504 522 3556 ut
539 3503 620 3574 oulqo
634 3503 672 3571 [19
691 3519 778 3559 noves
794 3504 883 3574 oulqo,
901 3517 1016 3558 movens
1031 3502 1190 3566 Buecheler

167 3569 228 3640 {122
248 3572 373 3626 triobren
393 3571 475 3628 01²1*
486 3575 495 3643 ss
