2660 4030
348 182 514 252 sinomus
531 195 681 252 noiomo
701 195 769 252 suo
789 195 970 252 sucorum.
1100 196 1162 259 121

605 428 709 494 XVII.

347 551 516 607 SIDONIUS
534 550 683 606 ERIPHlO
704 551 771 606 SUO
791 549 968 606 SALUTEM.

219 665 247 731 1.
270 667 324 749 Es,
346 666 451 746 Eriphi
473 684 574 746 meus,
597 666 662 744 ipse
686 667 738 745 qui
760 683 878 743 semper
896 683 1116 746 numquamque
1135 672 1164 725 te

148 767 266 820 tantum
293 758 410 817 venatio
441 756 544 816 civitas
572 772 642 832 ager
669 760 783 836 avocat,
815 761 849 814 ut
875 771 935 814 non
964 754 1060 814 obiter
1086 754 1164 815 litte-

148 865 252 909 rarum
279 845 428 925 voluptate
455 851 588 924 teneare3
616 843 707 922 litque
732 861 767 903 eo
791 843 902 924 studio,
929 852 962 903 ut
985 861 1040 904 nec
1064 851 1165 904 nostra

150 937 297 1016 fastidias,
326 937 377 1014 qui
403 933 472 1014 tibi,
499 939 533 994 ut
556 931 677 1012 scribis,
704 931 803 992 Musas
832 931 953 992 olemus.
1000 950 1073 1010 quae
1098 950 1164 992 sen·
1192 951 1205 990 5

149 1028 243 1087 tentia
265 1034 364 1086 tamen
387 1022 467 1102 large
490 1021 633 1100 probatur
655 1038 725 1080 vero
749 1039 866 1102 carere,
890 1039 1037 1100 quamque
1062 1028 1092 1082 et
1114 1039 1163 1100 ap-

150 1123 236 1195 paret
259 1121 309 1175 aut
332 1131 368 1173 ex
391 1113 457 1172 ioco
480 1112 596 1190 venire,
624 1112 650 1170 si
672 1109 766 1170 laetus
791 1128 836 1192 es,
863 1117 914 1171 aut
936 1128 973 1170 ex
996 1128 1110 1191 amore,
1138 1112 1165 1170 si

152 1205 258 1264 serius.
295 1208 429 1263 ceterum
452 1218 467 1259 a
491 1201 570 1259 iusto
589 1198 676 1277 longe
695 1198 828 1280 resultat,
852 1217 919 1260 cum
938 1199 1013 1259 mihi
1031 1201 1164 1277 assignas

152 1311 227 1372 quae
250 1294 298 1352 vix
320 1290 435 1350 Maroni
458 1286 533 1366 [vix]
558 1295 609 1348 aut
631 1287 759 1349 Homero
779 1295 982 1367 competenter
1000 1306 1164 1348 accommo-

152 1382 300 1441 darentur.
333 1377 363 1442 2.
386 1379 459 1438 haec
482 1377 685 1457 relinquamus
709 1377 807 1457 idque,
830 1377 908 1438 unde
933 1395 1029 1458 causa,
1053 1395 1205 1439 sermo-10

152 1473 294 1530 cinemur.
332 1468 421 1546 dirigi
444 1467 479 1527 ad
503 1473 532 1526 te
556 1467 703 1545 praecipis
725 1484 845 1548 versus,
869 1484 943 1545 quos
966 1468 1023 1526 viri
1046 1465 1164 1546 amplis·

153 1560 230 1639 simi,
253 1559 351 1618 soceri
373 1558 427 1637 tui,
449 1555 589 1635 precihus
612 1553 739 1636 indulsi3
763 1557 815 1633 qui
838 1555 1030 1616 contubernio
1055 1557 1165 1616 mixtus

153 1647 321 1727 aequalium
352 1646 423 1705 vivit
454 1643 587 1704 moribus
620 1644 656 1703 ad
688 1643 850 1704 iubendum
883 1643 1165 1723 obsequendumque

152 1739 235 1798 iuxta
257 1737 377 1814 paratis.
424 1733 477 1794 sed
500 1735 568 1812 quia
592 1734 670 1793 scire
694 1731 846 1792 desideras
870 1739 899 1792 et
922 1731 1020 1793 locum
1044 1739 1074 1792 et
1097 1751 1164 1792 cau-

152 1843 229 1905 sam,
257 1842 314 1904 quo
343 1823 459 1884 facilius
486 1820 640 1900 intellegas
664 1839 729 1880 rem
755 1822 960 1901 perexiguam,
987 1820 1042 1881 tibi
1065 1823 1164 1898 potius
1181 1843 1205 1883 15

150 1916 224 1975 vitio
246 1921 342 1994 verte,
370 1912 448 1991 quod
476 1911 628 1990 loquacior
652 1911 710 1970 erit
732 1927 821 1988 opere
844 1910 996 1987 praelatio.
1043 1907 1072 1972 3.
1097 1927 1166 1970 con-

151 2021 327 2064 veneramus
350 2001 387 2062 ad
410 2002 505 2061 sancti
527 1999 602 2062 lusti
625 1997 815 2077 sepulchrum
840 1992 906 2082 (sed
930 1998 986 2058 tihi
1008 1999 1165 2059 infirmitas

153 2092 374 2172 impedimento,
392 2108 429 2150 ne
448 2098 519 2151 tunc
538 2081 687 2171 adesses),
705 2090 858 2166 processio
873 2088 969 2148 iuerat
983 2087 1166 2168 antelucana,

153 2180 334 2242 sollemnitas
358 2180 568 2258 anniversaria,
594 2176 721 2256 populus
745 2179 850 2256 ingens
874 2195 947 2237 sexu
971 2195 1007 2237 ex
1030 2185 1166 2258 utroque,

135 2288 242 2348 -quem
266 2270 458 2349 capacissima
484 2265 606 2327 basilica
633 2284 693 2326 non
726 2273 846 2345 caperet
878 2265 1048 2345 quamlibet·
1070 2268 1206 2328 cinctam

154 2359 271 2420 diffusis
303 2355 579 2437 cryptoporticihus.
629 2354 711 2415 cultu
737 2361 858 2434 peracto
885 2355 1065 2436 vigiliarum,
1093 2373 1166 2434 quas
1247 2367 1251 2382 ·

153 2447 316 2507 alternante
340 2444 507 2506 mulcedine
530 2443 667 2504 monachi
695 2442 855 2523 clericique
883 2443 1073 2523 psalmicines
1097 2462 1166 2504 con-

147 2535 387 2615 celebraverant,
414 2536 541 2613 quisque
564 2535 596 2592 in
620 2532 736 2592 diversa
760 2534 953 2614 secessimus,
980 2551 1040 2593 non
1063 2533 1167 2612 procul

154 2632 261 2704 tamen,
283 2631 385 2703 utpote
410 2623 446 2683 ad
468 2625 587 2683 tertiam
609 2627 728 2701 praesto
752 2620 854 2702 futuri,
877 2640 945 2682 cum
964 2620 1166 2682 sacerdotibus

152 2732 202 2774 res
230 2713 329 2774 divina
356 2711 503 2792 facienda3
535 2711 564 2772 4.
592 2711 629 2770 de
661 2709 719 2770 loci
747 2728 817 2770 sane
844 2709 1058 2789 turbarumque
1086 2729 1165 2770 com·
1180 2733 1206 2772 se

152 2811 259 2882 pressu
292 2802 387 2880 deque
419 2801 587 2861 numerosis
615 2797 776 2860 luminibus
804 2798 904 2859 inlatis
935 2801 1025 2859 nimis
1053 2797 1167 2879 anheli3

153 2891 242 2951 simul
271 2898 301 2951 et
327 2891 432 2950 aestati
458 2908 516 2950 nox
543 2888 637 2949 adhuc
660 2888 795 2966 proxima
818 2895 896 2948 tecto
920 2886 1036 2948 clausos
1060 2904 1166 2965 vapore

153 2986 312 3060 torruerat,
331 2981 388 3040 etsi
407 2981 465 3039 iam
484 2980 580 3058 primo
600 2978 710 3055 frigore
729 2983 828 3036 tamen
843 2975 1020 3037 autumnalis
1035 2974 1166 3036 Aurorae

226 3212 241 3260 6
261 3220 401 3273 quomque
420 3204 480 3258 LP
496 3209 521 3258 et
540 3206 621 3270 (corr.
641 3204 672 3256 io
690 3215 862 3268 quemquem
877 3199 907 3254 N
913 3199 976 3268 ¹)N,
995 3215 1167 3267 quemquam

154 3277 207 3344 (vel
223 3277 395 3344 quenquam)
417 3273 549 3342 OTMF,
568 3287 689 3341 nemque
708 3269 892 3340 hortolano,
912 3272 941 3325 et
959 3272 1010 3326 del.
1034 3270 1168 3325 Wilumo-

154 3351 217 3403 wite
230 3352 269 3415 118
289 3346 417 3414 assignet
432 3345 478 3414 ΤΙΙ
493 3349 508 3397 9
527 3343 573 3398 vix
588 3345 648 3399 secl.
659 3343 851 3411 Isrtetjoleoom
870 3360 908 3398 oo
921 3340 967 3396 vix
983 3343 1029 3395 et?
1043 3344 1052 3410 ΙΙ
1068 3348 1100 3395 10
1114 3341 1167 3394 hoc

158 3418 208 3487 Ol!
233 3423 265 3471 13
285 3415 498 3484 obsequendum
521 3417 582 3485 (ont.
602 3416 668 3484 que)
688 3413 712 3469 G
730 3417 740 3484 [Ι
766 3419 799 3467 18
814 3421 878 3485 post
895 3410 1097 3481 impedimento
1117 3413 1166 3484 lep.

154 3487 209 3542 fuit
222 3491 254 3544 io
260 3489 445 3629 aqquOquost
459 3489 574 3556 ceperat
587 3487 636 3557 leq.
651 3487 681 3540 ei
693 3487 726 3540 io
740 3485 778 3539 M
783 3483 807 3540 0
816 3488 825 3554 11
839 3490 874 3539 27
892 3487 968 3540 tecto
983 3485 1166 3553 Loeqooaoo,

153 3559 241 3614 tacito
