2610 4056
155 205 324 262 SIDONIUS
342 203 487 261 DOMINO
506 205 625 260 PAPAE
644 204 785 261 EAUSTO
805 205 983 261 SALUTEM.
1021 205 1086 272 205

66 357 199 418 huiusce
223 357 389 416 temeritate
413 355 611 435 devenustari,
631 357 699 434 quia
717 362 817 415 tantus
836 363 882 416 est
904 354 978 415 livor
1001 353 1086 416 dero-

68 453 221 526 gatorum,
235 452 269 506 ut
283 446 415 524 materia,
430 461 519 523 quam
531 446 635 524 mittis,
649 443 781 505 velocius
796 447 936 505 sortiatur
950 444 1087 505 inchoata

68 533 220 613 probrum
243 552 331 613 quam
354 534 511 594 terminata
534 533 714 612 suffragium.
760 551 875 594 memor
901 535 997 594 nostri
1020 552 1085 595 esse

67 623 211 702 dignare,
235 623 354 682 domine
377 639 460 701 papa.

551 811 609 878 III.

170 933 338 991 SIDONIUS
357 934 501 990 DOMINO
520 934 638 989 PAPAE
656 935 797 991 FAUSTO
818 935 995 990 SALUTEM.
1116 953 1129 994 5

35 1101 40 1109 .
144 1045 173 1109 1.
211 1048 314 1110 Servat
346 1048 592 1109 consuetudinem
625 1068 708 1110 suam
739 1060 800 1110 tam
827 1049 963 1110 facundia
990 1055 1088 1109 vestra

72 1155 164 1217 quam
187 1140 296 1218 pietas,
323 1145 410 1216 atque
434 1137 472 1198 ob
495 1137 552 1198 boc
575 1139 738 1220 granditer,
767 1139 845 1217 quod
873 1139 984 1199 diserte
1016 1139 1089 1198 scri-

71 1228 156 1309 bitis,
180 1227 330 1306 eloquium
355 1229 545 1308 suspicimus
564 1226 643 1305 quod
666 1226 802 1308 libenter,
826 1227 972 1288 allectum.
1010 1233 1087 1288 oete-

73 1335 144 1378 rum
168 1317 204 1377 ad
227 1335 368 1396 praesens
391 1317 484 1395 petita
507 1318 592 1376 venia
614 1318 699 1394 prius
718 1319 933 1397 impetrataque
952 1317 1088 1377 cautissi-

74 1423 159 1466 mum
191 1424 259 1466 reor
291 1424 325 1466 ac
358 1403 586 1465 saluberrimum
614 1424 669 1485 per
696 1405 749 1466 bas
776 1423 912 1466 maxume
945 1407 1089 1486 civitates,
1104 1416 1129 1455 10

75 1513 153 1574 quae
184 1494 311 1555 multum
343 1496 403 1555 situ
440 1511 579 1573 segreges
612 1502 712 1574 agunt,
752 1493 823 1554 dum
856 1501 925 1554 sunt
957 1497 1090 1573 gentium

75 1583 208 1644 motibus
227 1586 334 1644 itinera
353 1589 500 1662 suspecta,
524 1582 591 1642 stilo
612 1583 808 1663 frequentiori
827 1585 998 1644 renuntiare
1018 1582 1089 1643 dila·

75 1681 166 1752 taque
194 1674 339 1752 tantisper
366 1674 463 1734 mutui
495 1671 652 1732 sedulitate
682 1674 828 1732 sermonis
861 1689 963 1733 curam
991 1674 1090 1752 potins

77 1779 229 1823 assumere
254 1761 481 1822 conticescendi.
514 1760 594 1839 qnod
617 1763 696 1821 inter
719 1760 876 1822 obstrictas
899 1761 1007 1822 allectu
1028 1779 1090 1820 me·

77 1851 178 1911 diante
197 1868 339 1929 personas
355 1853 551 1930 asperrimum
571 1869 748 1928 quamquam
762 1857 849 1928 atque
864 1849 1090 1910 acerbissimum
1105 1858 1130 1900 1⁵

79 1946 134 2020 est,
157 1956 218 1999 nou
240 1946 340 2000 tamen
364 1941 461 2000 causis
484 1939 614 2005 efficitur
633 1938 907 2019 qualibuscumque,
926 1937 979 1998 sed
998 1937 1090 2018 pluri·

79 2030 138 2089 mis
166 2030 257 2088 certis
288 2035 318 2088 et
344 2030 522 2089 necessariis
550 2046 684 2107 quaeque
713 2027 839 2088 diversis
861 2027 1092 2106 proficiscuntur

80 2135 118 2177 ex
132 2116 305 2195 originibus
344 2115 372 2177 2.
397 2135 521 2197 quarum
535 2120 591 2178 ista
606 2117 718 2179 calculo
732 2119 863 2197 primore
877 2116 1092 2197 numerabitur,

81 2205 160 2284 quod
179 2205 328 2266 custodias
352 2224 491 2285 aggerum
510 2206 697 2286 publicorum
715 2224 903 2285 nequaquam
920 2203 1092 2266 tabellarius

81 2296 188 2355 transit
210 2297 416 2376 inrequisitus,
440 2297 492 2374 qui
510 2297 568 2356 etsi
586 2294 712 2375 periculi
735 2295 817 2377 nibil,
840 2302 943 2375 utpote
967 2297 1091 2356 crimine
1107 2305 1133 2345 2⁰

82 2401 201 2466 vacans,
231 2383 394 2464 plurimum
431 2402 500 2445 sane
532 2386 650 2464 perpeti
682 2382 757 2444 solet
793 2383 989 2465 difficultatis,
1022 2384 1092 2446 dum

83 2481 229 2534 secretum
266 2492 352 2535 omne
390 2472 560 2552 gerulorum
600 2471 725 2552 pervigil
761 2472 930 2552 explorator
965 2473 1093 2552 indagat.

84 2580 209 2642 quorum
237 2565 263 2623 si
293 2563 368 2624 lorte
398 2563 553 2641 responsio
583 2560 884 2640 quantulumcumque
908 2560 944 2621 ad
967 2563 1094 2622 interro-

85 2657 149 2728 gata
170 2651 377 2731 trepidaverit,
409 2669 484 2730 quae
510 2669 571 2711 non
598 2651 789 2710 inveniuntur
813 2651 935 2730 scripta,
958 2649 1095 2710 mandata

86 2737 259 2818 creduntur;
287 2758 320 2799 ac
346 2757 401 2818 per
431 2739 486 2800 boc
515 2741 641 2800 sustinet
668 2741 808 2799 iniuriam
831 2735 1020 2821 plerumque,
1044 2740 1095 2818 qui
1109 2745 1134 2786 2⁶

86 2829 220 2907 mlttitur,
240 2830 291 2905 qui
314 2830 414 2909 mittit,
437 2828 587 2908 invidiam,
605 2827 730 2907 plusque
750 2829 781 2887 in
800 2827 856 2887 hoc
874 2834 1017 2907 tempore,
1030 2845 1094 2906 quo

87 2915 282 2976 aemulantum
305 2917 433 2977 invicem
451 2935 516 2978 sose
534 2917 651 2997 pridem
669 2915 789 2976 foedera
809 2921 917 2977 statuta
934 2933 1096 2994 regnorum

88 3004 182 3065 denuo
211 3023 265 3083 per
298 3005 487 3066 condiciones
520 3005 718 3066 discordiosas
751 3006 890 3084 ancipitia
921 3003 1095 3064 reddimtur.

89 3090 116 3153 3.
147 3101 264 3172 praeter
291 3092 347 3155 boc
379 3095 443 3172 Ipsa
474 3112 559 3154 mens
590 3101 692 3155 nostra
725 3093 896 3155 domesticis
928 3093 997 3153 bino
1025 3092 1094 3154 inde

158 3287 173 3335 i
193 3281 296 3336 diserte
316 3281 439 3337 scribitis
458 3281 603 3350 eloquium
620 3281 787 3353 suspicimus
806 3253 974 3350 Woeduereu,
993 3281 1097 3336 diserte

90 3352 232 3435 §disserte
237 3353 271 3422 0)
295 3353 407 3435 scriptis
432 3353 575 3436 eloquium
593 3354 762 3424 suscipimus
780 3354 908 3422 LNC'T,
933 3353 974 3408 sic
993 3353 1097 3408 diserte

90 3423 247 3494 inscriptis
271 3423 415 3493 eloquium
439 3423 606 3495 suscipimus
629 3425 681 3496 (sic
698 3425 824 3480 discrete
840 3442 895 3481 rus.
910 3424 1058 3494 M²,1ns.
1079 3426 1096 3479 l.

91 3496 151 3639 ,qqq
166 3496 494 3639 M¹)lqll1qluobtreotas
508 3498 557 3568 Lll
573 3502 606 3553 15
620 3504 685 3568 post
703 3496 887 3568 asperrimum
905 3498 954 3568 leq.
969 3498 1038 3551 est'
1026 3514 1058 3552 ac
1071 3496 1098 3551 L

166 3583 241 3622 secre
257 3584 273 3622 o
