2610 4056
139 179 203 245 186
487 178 597 233 LIBER
615 177 790 233 OCTAVUS.

297 329 368 390 binc
389 328 477 390 bacas
500 331 630 407 quatiam
652 326 791 388 10111100
814 322 991 407 corymbos?

297 425 332 478 tu
353 420 425 498 iam,
448 418 562 498 Tityre,
584 435 655 477 rura
678 425 747 496 post
768 423 888 495 recepta

297 514 410 586 myrtos
434 514 463 568 et
485 505 641 586 platanona
664 512 839 584 pervagatus

296 595 398 675 pulsas
419 594 558 656 barbiton
581 602 668 674 atque
693 597 884 655 concinentes

241 697 275 748 15
298 703 350 746 cra
373 692 404 746 et
425 683 537 764 plectra
560 685 616 745 tibi
638 683 742 744 modos
765 683 924 763 resultant,

299 774 408 835 chorda
430 792 501 834 voce
524 780 619 834 metro
643 771 787 851 stupende
810 771 937 853 psaltes;

297 882 352 924 nos
376 864 445 924 istic
467 864 581 941 positos
605 861 756 940 semelque
779 863 859 921 visos

297 951 344 1012 bis
368 954 427 1012 iam
449 958 603 1012 menstrua
625 950 694 1012 luna
718 951 914 1029 conspicatur.

297 1060 353 1102 nec
376 1039 502 1102 multum
525 1039 645 1100 domino
668 1047 752 1100 vacat
774 1037 821 1099 vel
843 1041 915 1118 ipsi,

241 1143 275 1192 20
299 1130 370 1191 dum
393 1147 536 1209 responsa
558 1131 634 1208 petit
656 1127 797 1189 subactus
820 1127 910 1189 orbis.

297 1221 365 1280 istic
389 1218 504 1279 Saxona
527 1218 678 1278 caerulum
700 1217 835 1278 videmus

298 1315 450 1369 assuetum
472 1314 540 1367 ante
565 1307 626 1368 salo
650 1305 746 1366 solum
769 1308 892 1387 timere3

299 1399 383 1458 cuius
405 1399 527 1457 verticis
551 1399 676 1456 extimas
699 1413 754 1474 per
777 1413 844 1455 oras

298 1504 358 1547 non
382 1492 519 1546 contenta
543 1503 613 1546 suos
635 1491 739 1545 tenere
761 1501 879 1544 morsus

240 1586 274 1636 25
298 1575 368 1636 altat
390 1575 528 1636 lammina
551 1576 715 1653 marginem
739 1590 906 1654 comarum,

298 1672 328 1725 et
351 1666 394 1724 sic
417 1663 549 1725 crinibus
574 1662 610 1724 ad
634 1670 732 1723 cutem
755 1664 861 1722 recisis

298 1754 446 1814 decrescit
468 1759 558 1832 caput
580 1752 757 1829 additurque
780 1750 888 1812 vultus.

296 1843 346 1903 hic
368 1849 454 1902 tonso
478 1842 610 1921 occipiti,
634 1859 725 1901 senex
745 1839 919 1920 sygamber,

296 1938 454 2011 postquam
476 1932 572 1991 victus
596 1948 642 2010 es,
666 1929 749 1989 elicis
772 1935 937 1990 retrorsum

240 2034 275 2082 30
299 2021 445 2080 cervicem
469 2019 505 2079 ad
529 2025 660 2079 veterem
682 2035 774 2078 novos
798 2017 927 2097 capillos.

296 2109 346 2170 hic
364 2107 476 2187 glaucis
499 2105 628 2168 Herulus
651 2109 736 2185 genis
758 2115 893 2187 vagatur,

297 2200 374 2257 imos
397 2195 507 2257 Oceani
530 2196 630 2256 colens
653 2214 790 2257 recessus

297 2285 397 2364 algoso
420 2303 513 2364 prope
537 2284 675 2346 concolor
697 2284 853 2363 profundo.

296 2375 345 2435 bic
367 2373 539 2452 burgundio
563 2376 693 2453 septipes
716 2374 889 2452 frequenter

239 2475 273 2524 aa
296 2463 373 2525 llexo
397 2462 508 2542 poplite
531 2462 677 2542 supplicat
699 2465 838 2541 quietem.

297 2555 363 2613 istis
386 2551 581 2630 Ostrogothus
604 2555 684 2630 viget
705 2553 839 2631 patronis

254 2679 257 2684 >
296 2644 468 2722 vicinosque
491 2659 630 2720 premens
654 2640 780 2701 subinde
804 2639 936 2720 Chunus,

296 2731 343 2791 his
368 2731 446 2811 quod
470 2730 620 2810 subditur,
642 2730 713 2790 binc
736 2728 871 2808 superbit
893 2727 961 2788 illis.

295 2820 378 2901 hinc,
401 2818 546 2898 Romane,
568 2818 624 2879 tibi
645 2821 723 2898 petis
747 2817 885 2897 salutem,

238 2921 273 2970 40
296 2916 326 2969 et
349 2916 452 2969 contra
475 2907 628 2986 Scythicae
651 2905 753 2987 plagae
776 2914 921 2987 catervas,
949 2923 952 2929 ·

297 2999 323 3058 si
347 3016 420 3076 quos
444 2996 597 3058 Parrhasis
619 2995 695 3056 Ursa
718 2996 776 3056 lert
798 2995 956 3075 tumultus,

296 3086 416 3166 Eorice,
438 3093 506 3146 tuac
530 3103 635 3146 manus
659 3091 813 3166 rogantur,

295 3182 329 3235 ut
351 3174 475 3235 Martem
497 3174 612 3235 validus
634 3193 689 3253 per
711 3173 890 3254 inquilinum

297 3264 434 3325 defendat
456 3271 577 3324 tenuem
601 3262 739 3324 Garunna
762 3262 911 3342 Thybrim.

208 3487 233 3524 v.
249 3475 281 3524 12
301 3469 387 3538 tityre
405 3470 480 3539 LN,
499 3469 578 3524 titire
600 3471 634 3535 Τ,
654 3487 670 3524 0
690 3469 769 3525 titire
788 3469 852 3526 Mo
869 3473 879 3540 1
901 3489 928 3526 v.
943 3474 976 3523 23
995 3484 1045 3538 per
1062 3467 1149 3524 horas

137 3540 175 3594 Μ
180 3539 303 3610 OTPF,
321 3556 456 3609 personas
475 3541 525 3610 Ll
542 3559 567 3595 v.
583 3547 617 3595 25
636 3543 713 3595 artat
730 3541 883 3596 anoaeec
896 3542 905 3610 1
918 3558 944 3596 r.
958 3545 994 3594 44
1012 3539 1151 3596 defendat
