2636 4032
136 191 309 250 SIDONIUS
324 190 503 248 SIMPLIUIO
518 191 564 245 ET
579 189 801 246 APOLLINARI
816 189 892 246 SUIS
908 189 1088 245 SALUTEM.
1111 189 1154 256 87

611 424 682 489 XII.

163 548 333 607 SIDONIUS
352 546 533 603 SIMPLICIO
552 546 599 600 ET
617 539 838 602 APOLLINARI
856 546 935 602 SUIS
954 545 1131 604 SALUTEM.

208 662 235 725 1.
259 663 338 724 Ueus
360 661 451 743 bone,
479 668 622 740 quantum
645 660 833 739 naufragioso
861 660 964 739 pelago
993 661 1154 722 conformis

135 762 186 816 est
212 761 310 813 motus
339 751 519 830 animorum,
548 751 658 829 quippe
687 768 755 810 cum
782 751 955 810 nuntiorum
982 749 1153 811 turbinibus

136 843 272 906 adversis
296 842 383 920 quasi
404 841 525 919 propria
547 845 723 917 tempestate
748 837 951 900 confrmditur!
978 856 1075 917 nuper
1098 857 1153 918 ego

135 933 277 1010 filiusque
309 929 475 991 communis
503 927 698 988 Terentianae
720 926 852 1007 Hecyrae
880 927 957 988 sales
984 927 1153 988 ruminaba-
1180 949 1194 991 s

135 1040 219 1104 mus3
243 1019 377 1080 studenti
399 1015 566 1077 assidebam
584 1024 707 1077 naturae
726 1018 891 1077 meminens
911 1022 940 1076 et
957 1015 1153 1095 professionis

137 1110 260 1190 oblitus,
283 1124 401 1187 quoque
425 1104 589 1166 absolutius
612 1105 766 1184 rhythmos
785 1107 914 1166 comicos
933 1107 1054 1165 incitata
1072 1105 1154 1166 doci-

137 1199 222 1260 litate
247 1202 432 1276 sequeretur,
455 1197 519 1274 ipse
543 1196 632 1255 etiam
655 1193 784 1255 fabulam
807 1193 914 1254 similis
933 1196 1100 1274 argumenti
1122 1194 1153 1254 id

136 1296 185 1350 est
202 1287 426 1365 Epitrepontem
444 1282 598 1344 Menandri
617 1285 649 1344 in
671 1283 808 1344 manibus
827 1282 980 1344 habebam.
1021 1281 1051 1343 2.
1073 1282 1152 1362 lege·

136 1377 244 1438 bamus
276 1376 389 1455 pariter
420 1371 610 1434 laudabamus
642 1365 871 1452 iocabamulque
904 1379 947 1453 ct,
980 1390 1054 1452 quae
1086 1378 1153 1433 vota
1167 1394 1194 1435 ao

138 1465 309 1528 communia
328 1468 406 1544 sunt,
429 1460 513 1522 illum
526 1460 624 1541 lectio,
647 1480 694 1522 me
713 1460 763 1522 ille
783 1460 925 1542 capiebat,
945 1480 1012 1523 cum
1029 1468 1152 1540 repente

85 1601 97 1616 ,
138 1574 216 1636 puer
238 1551 393 1613 familiaris
417 1550 531 1611 adstitit
553 1549 715 1612 vultuosus.
758 1553 807 1611 cui
830 1568 898 1610 nos:
922 1545 1006 1630 ‘quid
1025 1545 1099 1610 ita?'
1123 1558 1154 1611 et

138 1644 203 1704 ille:
236 1635 411 1720 ‘lectorem',
442 1641 553 1721 inquit,
585 1635 789 1700 ‘constantem
816 1641 935 1699 nomine
959 1657 1013 1719 pro
1037 1638 1152 1699 foribus

137 1733 201 1793 vidi
228 1750 244 1792 a
272 1731 400 1791 dominis
424 1728 576 1807 Simplicio
605 1736 635 1788 et
657 1727 825 1807 Apollinare
853 1727 1042 1809 redeuntem3
1070 1727 1153 1787 dedit

137 1821 259 1902 quidem
282 1818 397 1879 litteras
421 1835 494 1896 quas
517 1823 671 1896 acceperat
694 1817 746 1878 sed
769 1817 899 1897 perdidit
922 1834 996 1896 quas
1016 1811 1151 1895 recepit?
1165 1836 1193 1878 15

137 1910 248 1990 quibus
278 1909 385 1987 agnitis
418 1908 563 1966 serenitas
593 1905 722 1967 laetitiae
751 1924 834 1966 meae
865 1906 1022 1966 confestim
1049 1904 1151 1966 nubilo

138 1999 312 2079 superducti
335 1996 479 2056 maeroris
497 1995 646 2057 insorduit
663 2002 833 2074 tantamque
851 1995 926 2055 mihi
944 1993 1035 2054 bilem
1053 1996 1153 2055 nuntii

136 2089 262 2150 huiusce
286 2086 480 2147 contrarietas
504 2086 655 2165 excitavit,
678 2092 712 2145 ut
734 2102 789 2163 per
811 2083 956 2163 plurimos
979 2083 1044 2144 dies
1066 2082 1152 2144 illum

136 2181 237 2258 ipsum
258 2175 392 2236 hermam
417 2171 643 2234 stolidissimum
666 2175 769 2234 venire
793 2181 860 2234 ante
880 2171 981 2234 oculos
1004 2191 1087 2234 meos
1105 2174 1151 2233 in-

138 2273 278 2327 exoratus
301 2264 457 2342 arcuerim,
480 2260 593 2322 laturus
617 2279 715 2343 aegre,
738 2264 764 2322 si
783 2261 856 2322 mihi
875 2264 974 2340 apices
993 2269 1043 2323 aut
1062 2280 1150 2341 quos·
1165 2283 1192 2323 so

138 2371 267 2432 cumque
291 2357 341 2413 aut
365 2368 619 2430 quorumcumque
642 2369 702 2410 non
725 2350 873 2432 redderet,
896 2357 1010 2411 taccam
1028 2358 1152 2431 vestros,

137 2446 192 2524 qui
214 2442 301 2522 milri,
329 2440 400 2501 dum
423 2441 498 2500 recti
526 2457 647 2518 compos
670 2441 786 2499 animus
815 2439 914 2520 durat,
942 2441 1065 2500 minime
1093 2439 1151 2500 fre-

137 2539 264 2613 quentes
292 2531 419 2590 maxime
453 2527 665 2589 desiderabiles
697 2528 915 2589 iudicabuntur.
960 2525 990 2589 4.
1015 2535 1044 2588 at
1070 2537 1151 2607 post-

137 2639 229 2701 quam
247 2625 349 2680 nostra
369 2619 479 2678 sensim
498 2619 642 2695 temporis
661 2616 814 2678 intervallo
833 2620 878 2677 ira
897 2617 1065 2697 defremuit,
1082 2635 1151 2696 per-

136 2718 244 2772 contor
262 2708 434 2787 admissum,
452 2724 525 2766 num
542 2704 633 2766 vcrbo
653 2708 806 2785 quippiam
818 2713 973 2785 practerea
987 2705 1150 2766 detulisset.
1164 2725 1191 2766 es

136 2797 293 2879 respondit
313 2798 387 2876 ipse,
411 2813 588 2874 quamquam
607 2801 686 2855 esset
703 2794 838 2874 trepidus
853 2801 883 2854 et
897 2785 1016 2855 sternax
1031 2800 1061 2853 et
1078 2811 1150 2873 prae

137 2895 224 2948 reatu
241 2885 403 2947 balbutiret
422 2902 482 2964 ore,
505 2885 667 2944 caecutiret
688 2885 806 2964 intuitu,
829 2890 932 2963 totum,
956 2901 1013 2962 quo
1032 2885 1151 2963 instrui,

137 2995 197 3056 quo
222 2975 362 3036 delectari
389 2972 532 3052 valerem,
559 2975 676 3052 paginis
705 2991 779 3052 quae
807 2971 1031 3032 intercidissent
1058 2971 1149 3032 fuisse

138 3065 318 3125 mandatum.
373 3063 512 3141 quocirca
544 3065 690 3123 recurrite
727 3061 763 3122 ad
795 3060 973 3141 pugillares,
1008 3059 1149 3140 replicate

138 3153 326 3214 membranas
354 3157 384 3211 et
411 3152 520 3230 scripta
548 3150 714 3211 rescribite.
760 3149 873 3210 tamdiu
901 3151 980 3210 enim
1010 3152 1149 3228 aequani-
1163 3171 1192 3212 so

212 3349 224 3396 1
244 3343 326 3396 inser.
345 3356 396 3396 om.
414 3340 442 3394 L
455 3342 496 3409 114
514 3337 694 3393 confunditur
712 3337 733 3407 (i
750 3340 782 3393 ic
799 3355 855 3394 ras.
870 3338 908 3392 M
911 3339 929 3407 ι)
936 3337 981 3406 Μ,
1003 3337 1150 3392 confundi-

137 3431 200 3468 mur
225 3414 267 3484 (ἐπ
289 3413 368 3468 ada„-
395 3427 434 3465 oc
458 3409 695 3492 confundunturt)
718 3409 894 3492 Luetp'olcccn
920 3413 930 3477 ll
957 3410 1150 3490 iterentinae

136 3482 627 3626 tdflttbqtmnld
641 3481 883 3622 curescet
899 3482 1152 3624 bttrddq
