2610 4056
73 181 79 195 '
188 203 254 266 224
563 201 672 256 uranu
689 201 821 257 nouus.

188 351 298 412 habere
321 369 381 411 non
403 353 501 430 possis
524 351 742 431 haesitatorem,
762 335 880 430 suscipe
898 351 1005 434 libens,
1028 353 1108 431 <prod
1129 361 1214 414 tem-

188 440 311 520 poribus
335 441 461 518 Augusti
483 439 650 520 Maioriani,
681 457 749 499 cum
776 450 881 518 rogatu
911 441 1067 502 cniusdam
1091 443 1212 504 sodalis

189 530 225 589 ad
245 547 347 589 cenam
371 531 610 610 conveniremus,
640 532 673 589 in
694 527 777 589 Petri
799 528 909 590 librum
932 532 1067 610 magistri
1090 533 1212 610 epistu-

189 616 284 678 larum
308 617 405 679 subito
428 618 577 697 prolatum
600 617 715 679 subitus
739 618 839 699 effudi,
857 620 933 679 meis
957 637 1074 698 quoque
1099 629 1213 682 contu-

162 706 374 788 abernalibus,
406 706 477 767 dum
509 725 562 767 rex
599 708 726 768 convivii
759 709 837 767 circa
870 708 1066 769 ordinandum
1103 727 1213 771 moras

188 798 282 856 nectit
258 814 485 877 1,oxygarum
516 795 675 875 Domnulo,
712 795 870 856 Severiano
903 804 990 875 atque
1022 797 1212 880 Lampridio,

189 887 271 964 paria
302 885 500 964 pangentibus
538 878 703 1034 (33333333
725 884 781 945 hoc
813 885 891 966 dixi,
927 888 1017 946 immo
1050 881 1212 972 meliora)-

190 993 264 1052 quos
282 965 414 1052 undique
429 973 548 1034 urbium
568 976 642 1034 ascit
643 992 676 1034 33
695 975 858 1052 imperator
876 977 908 1034 in
930 993 1020 1036 unam
1043 977 1210 1058 civitatem,

189 1065 329 1123 invitator
352 1064 383 1123 in
405 1081 494 1123 unam
518 1081 621 1124 cenam
645 1063 720 1122 sorte
744 1069 939 1124 contraxerat.
986 1060 1015 1125 5.
1047 1065 1077 1124 id
1100 1083 1208 1125 morae

150 1151 420 1233 metanomiam
452 1170 561 1230 genera
593 1159 756 1212 metrorum
788 1159 867 1212 sorte
890 1154 1044 1231 partimur.
1091 1153 1209 1232 placuit

189 1259 315 1320 namque
342 1259 396 1319 pro
428 1235 550 1310 caritate
578 1240 707 1321 collegii,
734 1240 805 1301 licet
832 1241 969 1301 omuibus
988 1241 1100 1302 'cadem
1129 1246 1207 1304 scri-

188 1329 279 1390 bendi
301 1331 425 1389 materia
448 1332 604 1410 existeret,
626 1348 686 1390 non
709 1347 768 1390 uno
791 1337 891 1391 tamen
910 1333 1122 1409 epigrammata
1143 1335 1208 1392 sin-

190 1417 326 1497 gulorum
345 1436 453 1497 genere
472 1418 609 1499 proferri,
631 1437 669 1478 ne
689 1420 835 1498 quispiam
854 1426 998 1500 nostrum,
1022 1422 1074 1498 qui
1092 1424 1205 1482 ceteris

190 1508 315 1568 dixisset
337 1507 453 1588 exilius,
476 1508 654 1568 verecundia
672 1509 811 1588 primum,
829 1515 897 1586 post
919 1508 1109 1569 morderetur
1126 1511 1207 1570 invi-

150 1611 176 1651 33
190 1597 246 1657 dia.
284 1598 394 1657 etenim
418 1598 506 1658 citius
535 1598 759 1675 agnoscitur‘in
783 1614 970 1675 quocumque
994 1599 1153 1680 recitante,
1181 1602 1208 1660 si

109 1749 112 1758 ,
135 1741 137 1747 ,
191 1704 248 1764 quo
273 1688 365 1747 ceteri
387 1691 482 1746 metro
507 1693 600 1765 canat,
619 1704 656 1745 an
674 1703 709 1745 33
730 1703 848 1772 qnoque
868 1686 978 1747 scribat
1001 1689 1130 1765 iugenio.
1175 1696 1209 1748 tu

190 1793 260 1834 vero
288 1783 359 1835 tunc
387 1777 563 1853 oportunius
591 1774 724 1835 subiecta
759 1774 905 1855 laudabis,
934 1793 1002 1835 cum
1028 1781 1110 1836 totus
1143 1780 1207 1837 otio

190 1863 358 1946 indulseris
400 1882 460 1923 non
484 1865 564 1924 enim
587 1865 698 1924 iustum
722 1871 780 1943 est,
798 1871 832 1923 ut
856 1881 962 1924 censor
984 1866 1111 1943 incipias
1135 1884 1208 1927 cum

191 1954 347 2013 severitate
371 1952 631 2034 discutere,-qnod
650 1971 710 2012 non
728 1954 826 2032 potuit
843 1955 956 2013 amicus
976 1971 1043 2013 cum
1064 1956 1208 2016 serietate
1288 1991 1289 2011 r

150 2054 177 2094 2⁰
191 2041 311 2102 dictare.

509 2184 578 2264 Age,
602 2191 759 2244 convocata
781 2183 885 2265 pubeS,

465 2272 547 2332 locus
573 2272 653 2351 hora,
677 2290 780 2333 mensa
803 2291 891 2334 causa

464 2360 555 2441 iubet,
578 2367 611 2422 ut
633 2360 771 2422 volumen
794 2357 897 2442 istud,

466 2450 544 2528 quod
568 2457 598 2510 et
620 2468 691 2510 aure
715 2457 819 2510 33333
843 2450 943 2533 discis,

429 2551 445 2598 3
465 2539 571 2599 studiis
596 2541 627 2599 in
651 2546 729 2599 astra
752 2538 846 2600 tollas
933 2539 935 2544 '

464 2627 569 2688 Petrus
593 2627 717 2689 esttibi
740 2623 891 2710 legendus,

463 2718 494 2777 in
518 2723 644 2796 utraque
667 2717 823 2795 disciplina
951 2724 953 2726 ’

465 2809 536 2866 satis
560 2807 714 2867 institutus
738 2809 848 2866 auctor.

464 2894 649 2955 celebremus
673 2913 753 2975 ergo,
776 2896 882 2956 fratres

414 2995 446 3044 10
465 2986 513 3062 pia
538 2984 612 3044 festa
635 2982 815 3044 litteramm,

465 3078 586 3151 peragat
609 3072 688 3132 diem
711 3073 864 3132 cadentem

465 3161 548 3242 dape,
571 3160 694 3242 poculis,
720 3161 837 3226 choreis

465 3251 587 3329 genialis
611 3257 777 3329 apparatus
817 3289 827 3310 .

263 3477 294 3525 17
313 3472 390 3526 totus
409 3471 520 3540 33330,
548 3475 626 3528 totus
649 3473 707 3527 otio
731 3477 965 3531 omnimodum
993 3476 1022 3528 33
1052 3474 1127 3531 sotio
1150 3479 1213 3551 M1,

131 3607 136 3620 ι
190 3542 282 3596 totum
300 3541 328 3597 33
348 3542 424 3597 socio
443 3543 505 3597 PF
516 3545 526 3612 ll
542 3548 574 3597 19
593 3545 737 3617 serietate]
757 3546 848 3601 severi
850 3549 910 3601 3333
932 3546 975 3616 Oli
1282 3539 1283 3560 ³
