2628 4034
180 203 246 267 314
567 201 720 258 CARMEN
738 201 810 256 XIV.

179 355 302 415 tentiam
325 371 421 414 meam
445 352 642 432 discrepantia
666 353 828 413 sentientes
853 353 917 411 siue
936 351 1034 412 Marco
1054 352 1202 434 Varrone,

180 445 244 503 siue
264 443 385 522 Sereno,
404 461 464 503 uon
483 443 635 522 Septimio,
655 441 706 502 sed
722 441 917 519 sammonico,
937 443 1001 502 siue
1021 441 1201 526 Censorino,

179 533 231 610 qui
263 531 299 592 de
332 532 380 592 die
408 530 498 592 natali
525 531 662 592 volumen
694 529 808 590 illustre
841 530 983 611 confecit,
1015 548 1076 590 uon
1105 550 1199 611 posse

179 620 321 681 damnari.
358 619 387 681 4.
412 620 544 681 lecturus
567 639 600 680 es
623 620 671 680 hic
695 621 784 679 etiam
807 637 915 679 novum
938 618 1072 700 verbum,
1095 621 1125 681 id
1148 629 1199 682 est

152 711 387 790 sessentiam3
411 709 463 769 sed
487 711 564 769 scias
587 709 643 769 hoc
664 711 763 787 ipsum
782 707 892 768 dixisse
912 707 1101 791 Ciceronem3
1124 728 1197 770 nam

179 800 378 859 essentiam
400 816 456 859 nec
479 816 539 858 non
562 804 591 858 et
619 796 835 858 indoloriam
863 799 1038 877 nominavit,
1067 798 1196 859 addens:

179 883 261 947 ‘licet
283 889 363 948 enim
386 889 470 947 novis
493 886 584 947 rebus
606 905 682 946 nova
708 888 828 946 uomina
851 882 1030 968 imponere'3
1059 894 1089 948 et
1111 896 1195 948 recte

179 975 261 1036 dixit
302 993 371 1036 nam
394 977 472 1037 sicut
495 975 530 1036 ah
555 993 599 1057 eo,
623 975 701 1054 quod
721 982 767 1035 est
789 973 873 1035 verbi
895 977 988 1053 gratia
1012 994 1139 1055 sapere
1164 985 1198 1038 et

179 1065 408 1144 intellegere,
442 1067 656 1143 sapientiam
684 1071 713 1124 et
741 1063 1030 1142 intellegentiam
1057 1068 1195 1125 uomina-

138 1174 164 1212 1o
179 1172 254 1234 mus,
277 1152 453 1232 regulariter
471 1160 501 1214 et
519 1153 555 1214 ah
575 1172 619 1234 eo,
639 1152 716 1232 quod
737 1160 782 1213 est
801 1171 894 1233 esse,
918 1155 1112 1214 essentiam
1131 1173 1195 1216 non

178 1249 318 1304 tacemus.
354 1244 454 1322 igitur,
478 1245 617 1322 quoniam
636 1245 680 1303 tui
699 1244 808 1302 amoris
828 1242 926 1310 studio
945 1241 1085 1303 inductus
1103 1244 1195 1304 homo

179 1329 278 1392 Gallus
302 1331 419 1392 scholae
444 1332 622 1411 sophisticae
650 1333 799 1391 intromisi
822 1333 989 1411 materiam,
1016 1331 1115 1392 velte
1139 1351 1194 1411 po-

177 1422 326 1481 tissimum
350 1420 420 1481 lacti
447 1423 507 1481 mei
529 1420 755 1500 deprecatorem
782 1421 911 1498 requiro.
957 1419 1001 1479 illi
1023 1419 1122 1480 Venus
1146 1421 1196 1481 vel

177 1510 318 1570 Amorum
337 1511 543 1570 commenticia
560 1512 711 1588 pigmenta
729 1508 909 1590 tribuantur,
932 1510 981 1569 cui
1000 1508 1129 1570 deluerit
1149 1513 1195 1572 sic

138 1617 265 1676 1sposse
288 1598 411 1660 laudari.
452 1599 524 1661 vale.

271 1840 477 1895 PRAEFATIO
496 1839 734 1894 EPITHALAMII
752 1840 850 1896 DICTI
868 1838 1029 1896 POLEMIO
1048 1840 1096 1894 ΕΤ

570 1929 800 1984 ARANEOLAE.

411 2042 539 2122 Prosper
562 2043 689 2103 conuhio
712 2043 777 2103 dies
801 2051 946 2124 coruscat,

368 2149 456 2210 quem
479 2130 582 2191 Clotho
606 2134 701 2192 niveis
723 2131 851 2210 benigna
874 2135 984 2212 pensio,

367 2219 450 2280 alhus
475 2238 564 2298 quem
585 2222 664 2299 picei
686 2220 803 2300 lapillus
826 2221 901 2302 Indi,

368 2326 456 2387 quem
479 2310 561 2387 pacis
586 2309 674 2370 simul
697 2310 785 2371 arhor
809 2320 839 2371 et
861 2312 996 2371 iuventae

331 2411 346 2459 5
367 2404 578 2476 aeternumque
601 2401 701 2460 virens
726 2399 800 2460 oliva
825 2401 930 2478 signet.

366 2489 420 2568 eia,
444 2486 584 2569 Calliope,
606 2490 720 2549 nitente
744 2488 839 2568 palma

366 2576 402 2636 da
426 2578 504 2636 sacri
526 2576 623 2638 lancis
646 2577 863 2658 loquacitatem,

367 2683 455 2743 quem
478 2665 552 2726 fodit
574 2666 651 2744 pede
673 2667 803 2745 Pegasus
826 2666 934 2727 volanti

366 2761 489 2834 cognato
512 2754 647 2815 madidus
671 2755 770 2816 iuham
793 2774 916 2816 veneno.

315 2855 348 2904 10
366 2861 427 2903 uon
449 2844 498 2904 hic
521 2845 667 2925 impietas,
690 2862 746 2905 uec
768 2844 844 2905 hanc
866 2843 994 2924 puellam

366 2932 455 2992 donat
477 2932 623 2993 mortibus
647 2933 775 2994 ambitus
799 2952 972 3015 procorum,

366 3039 425 3081 non
448 3021 497 3081 hic
521 3020 664 3082 Oenomai
688 3029 809 3082 cruenta
833 3025 913 3083 circo

366 3110 448 3170 audit
470 3117 555 3188 pacta
578 3110 683 3190 Pelops
707 3129 762 3171 nec
785 3113 990 3190 insequentem

364 3197 477 3277 pallens
500 3199 700 3278 Hippomenes
724 3200 759 3260 ad
783 3202 841 3260 ima
864 3207 960 3261 metae

315 3299 347 3348 15
367 3288 462 3348 tardat
486 3288 651 3348 Schoenida
674 3296 720 3350 ter
744 3288 866 3349 cadente
890 3307 991 3370 pom03

247 3497 261 3544 1
283 3493 429 3547 sentientis
453 3494 635 3549 Wilamowite
657 3496 667 3564 ΙΙ
690 3499 706 3547 5
725 3493 759 3550 ef.
780 3494 903 3549 ciceron.
922 3493 1022 3564 fragm.
1039 3498 1072 3546 16
1092 3513 1120 3562 p.
1137 3502 1189 3550 145

174 3561 247 3618 Bait.
262 3567 271 3633 l
286 3568 319 3616 15
333 3563 397 3617 vale
412 3581 462 3619 om.
476 3565 552 3619 codd.
568 3565 684 3634 uPraef.
701 3571 715 3620 7
731 3565 804 3619 sacri
817 3583 866 3622 om.
879 3564 922 3635 Ol
937 3571 969 3619 12
985 3565 1062 3618 eimo
1077 3566 1135 3621 ΡΤ
1140 3568 1186 3640 Fp
