2660 4030
161 185 224 248 150
241 237 244 244 ,
505 177 614 234 LlBllR·
631 177 820 233 SEPTIMUS.

158 331 334 402 clitaturam.
380 337 463 390 taceo
486 335 602 388 nestros
620 326 747 388 Crocum
765 326 1009 406 Simpliciumque
1034 328 1191 412 33113333,

157 439 233 500 quos
257 419 405 480 cathedris
428 417 487 478 sibi
509 416 626 478 traditis
646 415 812 476 eliminatos
832 415 937 476 similis
957 416 1039 477 exilii
1058 423 1190 481 cruciat

157 528 251 589 poena
276 507 438 570 dissimilis.
479 523 607 584 namque
630 523 707 565 unus
730 507 864 583 ipsorum
887 503 967 566 dolet
990 524 1022 566 se
1045 524 1109 568 non
1134 511 1188 569 vi·

159 600 230 659 dere
257 615 316 677 quo
346 597 460 677 redeat3
493 595 567 656 31133
599 612 632 654 33
662 593 742 653 dolet
772 593 874 654 videre
904 612 963 674 quo
979 612 1054 672 ,non
1084 597 1185 660 redit.

132 684 210 750 510.
234 694 267 747 tu
291 687 558 746 sacratissimorum
579 683 766 763 pontificum,
791 681 909 743 Leontii
931 682 1034 744 Fausti
1057 683 1186 767 Graeci,

158 775 233 837 urbe
257 776 360 836 ordine
384 776 506 835 caritate
529 772 645 834 medius
668 773 825 852 inveniris;
852 790 907 851 per
934 790 986 832 ros
1010 772 1088 833 mala
1112 775 1185 836 loe-

39 897 43 906 ·
157 865 263 926 derum
287 870 421 945 currunt,
443 881 498 942 per
516 880 568 923 vos
586 863 672 940 regni
689 862 845 938 utriusque
864 867 948 940 pacta
967 861 1183 925 condiciones-

158 973 215 1033 que
248 960 411 1034 portantur.
457 954 548 1033 33113,
581 952 719 1030 quatinus
751 949 823 1034 haeq
852 951 891 1009 sit
920 951 1066 1011 amicitiae
1101 971 1181 1014 con-

159 1043 259 1104 cordia
281 1040 464 1123 principalis,
490 1046 525 1100 ut
547 1038 709 1119 episcopali
736 1037 922 1098 ordinatione
949 1041 1097 1118 permissa
1120 1061 1180 1120 po-

119 1131 244 1212 ropulos
276 1130 450 1209 Galliarum,
486 1147 560 1208 quos
592 1127 679 1189 limes
711 1125 851 1188 Gothicae
884 1130 974 1188 sortis
1005 1128 1179 1212 incluserit,

46 1241 56 1264 ·
157 1227 311 1282 teneamus
335 1239 370 1280 ex
394 1219 465 1300 lide,
493 1221 550 1279 313·
577 1236 637 1278 333
659 1227 795 1278 tenemus
819 1235 856 1276 ex
883 1217 1012 1278 loedere.
1058 1236 1180 1280 memor

157 1312 253 1370 nostri
276 1327 343 1370 3333
367 1309 498 1390 dignare,
521 1308 640 1368 domine
660 1323 744 1386 papa

252 1676 418 1746 SIDONIUS
436 1673 581 1730 DOMINO
598 1667 717 1728 PAPAE
735 1671 880 1728 GRAECO
901 1673 1080 1729 SALUTEM.

227 1788 353 1852 111333
381 1793 490 1851 iterum
513 1788 680 1868 Amantius,
707 1785 909 1866 nugigemlus·
924 1794 1039 1868 noster,
1067 1786 1173 1849 Massi-

118 1879 227 1940 tollam
251 1898 336 1941 suam
354 1882 470 1959 repetit,
494 1877 614 1958 aliquid,
637 1883 670 1938 ut
688 1878 780 1936 moris
799 1883 854 1957 est,
877 1875 913 1935 dc
932 1875 1080 1937 manubiis
1101 1880 1174 1938 civi·

156 1971 226 2030 tatis
250 1968 370 2029 domum
393 1973 607 2047 reportaturus,
634 1968 660 2026 si
683 1972 782 2025 tamen
801 1983 849 2022 *e
869 1969 919 2024 aut
942 1964 1073 2044 cataplus
1096 1969 1172 2027 3331-

158 2060 239 2118 serit.
284 2075 338 2137 per
370 2074 459 2136 quem
490 2055 661 2116 ioculariter
693 2054 778 2136 plura
810 2055 967 2134 garrirem,
1001 2056 1027 2114 si
1058 2057 1174 2133 pariter

156 2164 235 2207 unus
254 2146 393 2224 idemque
413 2143 524 2204 valeret
541 2147 656 2204 animus
681 2161 820 2204 exercere
844 2141 919 2203 13313
943 2150 972 2203 31
990 2145 1087 2217 tristia
1107 2163 1175 2206 sus-

157 2238 262 2295 tinere.
315 2234 463 2313 siquidem
500 2235 609 2302 nostri,
628 2233 676 2293 hic
712 2251 792 2294 nuno
824 2239 869 2293 331
904 2231 1034 2293 infelicis
1071 2235 1174 2313 anguli

117 2330 261 2403 33313133,
284 2325 378 2404 cuius,
401 2329 434 2383 ut
457 2322 533 2383 fama
556 2317 1013 2403 3331133331,<313333>331333
1036 2322 1093 2383 luit
1115 2323 1172 2384 suh

157 2411 235 2474 bello
255 2431 343 2491 quam
362 2411 417 2472 sub
436 2429 508 2490 pace
528 2410 671 2471 condicio.
709 2409 737 2471 2.
761 2411 838 2471 13313
856 2417 904 2470 331
922 2413 1049 2471 servitus
1068 2418 1174 2472 nostra

157 2504 286 2581 pretium
310 2503 479 2562 securitatis
509 2499 636 2581 alienae,
664 2499 876 2579 Arvernorum,
903 2517 957 2577 pro
982 2498 1079 2580 dolor,
1107 2517 1172 2560 ser-

157 2593 244 2672 31133,
272 2593 332 2672 qui,
361 2593 387 2650 si
409 2592 507 2670 prisca
529 2589 758 2669 replicarentur,
785 2587 932 2648 audebant
960 2606 992 2648 se
1021 2588 1172 2666 quondam

157 2680 264 2742 fratres
291 2681 375 2741 latio
403 2680 503 2740 dicere
532 2685 562 2739 et
590 2680 733 2757 33333133
761 2675 797 2737 ab
822 2675 909 2736 111333
937 2676 1062 2760 populos
1091 2695 1172 2736 com-

117 2786 143 2828 35
158 2778 271 2850 putare.
317 2772 343 2830 si
366 2771 496 2831 recentia
520 2767 776 2846 memorabuntur,
807 2765 839 2824 hi
866 2771 947 2846 sunt,
980 2768 1031 2844 qui
1059 2765 1174 2828 viribus

229 2984 262 3032 23
281 2978 384 3032 13333.
395 2975 415 3046 1,
425 2981 525 3045 42133.
544 2973 718 3042 Arvernique
734 2971 796 3026 3331
805 2970 887 3036 Latio
901 2989 929 3026 33
944 2971 1173 3044 1333331331333,

159 3047 296 3118 33333133
315 3048 350 3103 ab
369 3047 455 3102 Iliaco
473 3045 580 3118 populi.

159 3119 238 3189 scopi
251 3137 304 3176 ras.
320 3121 420 3190 11113
441 3135 470 3173 33
485 3118 563 3174 dolet
578 3117 652 3187 0114
665 3115 764 3169 redeat
782 3114 854 3169 31133
872 3130 901 3168 33
916 3113 994 3169 dolet
1007 3114 1101 3170 videre
1121 3131 1172 3170 om.

161 3190 203 3259 (11
218 3196 233 3245 8
253 3190 596 3259 3313111331331131333,
614 3186 742 3242 33131113
754 3187 847 3255 331111,ι
867 3185 1001 3255 33131113,
1020 3185 1173 3241 concordia

159 3261 310 3332 principali
330 3264 363 3315 31
380 3263 532 3318 Mommsen
564 3265 573 3330 11
606 3265 638 3313 13
662 3275 701 3328 ep.
722 3259 785 3313 VII
803 3265 887 3314 totam
910 3275 960 3314 om.
981 3258 1139 3312 LNVTP
1163 3257 1173 3329 11

160 3339 193 3388 16
213 3336 263 3387 eut
280 3351 340 3403 exp.
355 3333 411 3401 Μ’,
429 3349 480 3388 om.
497 3332 541 3400 F‚·
564 3334 693 3387 13333331
710 3331 846 3385 indicavit
864 3330 1062 3398 1333313331
1078 3334 1110 3383 13
1129 3327 1171 3380 13-

158 3403 282 3474 13113011
296 3409 330 3458 10
348 3407 382 3459 31
394 3407 426 3458 ia
439 3403 563 3471 333131,
582 3404 611 3456 31
631 3402 654 3457 0
666 3403 671 3470 1
686 3400 789 3454 misera
803 3399 1174 3468 33131111,3313330,331333

161 3479 203 3541 (or
230 3492 250 3530 3.
271 3477 288 3531 l.
313 3476 377 3530 add.
396 3475 504 3543 M¹)M‚
531 3473 630 3527 melior
653 3472 697 3537 F;
724 3470 816 3524 minus
844 3470 935 3523 tristis
961 3470 1137 3538 1331131333
1165 3472 1174 3542 1

160 3551 195 3600 31
214 3553 277 3601 onte
295 3545 401 3599 viribus
421 3535 475 3616 leq?
489 3560 540 3613 pro
559 3546 591 3598 13
610 3542 647 3596 M
658 3545 667 3612 11
998 3549 1002 3560 ’
