2628 4034
169 148 237 212 264
577 146 729 202 OARMEN
746 146 780 204 V.
828 138 831 149 “

264 305 295 358 51
316 297 463 358 Venerem
485 295 667 374 Martemque
691 297 771 355 cient
794 314 827 355 ac
850 297 947 373 prima
971 303 1118 357 cruentos

264 392 443 447 consumunt
466 385 502 446 ad
525 383 602 445 bella
625 383 707 444 cibos
730 382 904 463 Bacchoque
928 391 1023 445 rotato

190 487 243 536 235
263 474 368 555 pocula
390 472 449 535 tela
472 479 586 555 putant,
609 491 676 534 cum
700 473 894 534 crudescente
917 472 1047 534 tumultu

261 563 367 643 polluit
389 563 559 623 Emathium
582 564 701 642 sanguis
725 561 920 622 Centauricus
943 561 1066 641 Othryn.

262 671 317 714 nec
340 651 407 732 plus
430 651 612 730 nubigenum
636 649 824 710 celebrentur
845 653 942 728 iurgia
964 651 1107 712 fratrum:

262 742 311 802 hic
335 759 452 820 quoque
472 747 604 800 monstra
623 739 730 820 domat,
753 738 836 800 rutili
855 738 963 818 quibus
983 758 1050 800 5155
1071 741 1212 802 cerebri

263 831 299 891 ad
323 830 450 890 frontem
474 847 557 889 coma
579 835 673 889 tracta
696 831 772 888 iacet
794 829 960 907 nudataque
985 831 1087 889 cervix

192 931 245 980 245
265 925 412 980 5551515111
434 935 489 997 per
512 917 617 978 damna
640 919 722 998 uitet,
745 924 809 977 tum
831 917 942 977 lumine
966 916 1070 995 glauco

263 1007 343 1068 albet
365 1025 475 1086 aquosa
498 1009 577 1066 acies
601 1025 634 1066 ac
657 1005 786 1066 vultibus
809 1006 941 1085 undique
964 1007 1040 1066 rasis

263 1115 317 1176 pro
340 1095 432 1157 barba
454 1103 560 1155 tenues
582 1102 758 1174 perarantur
780 1097 897 1174 pectine
921 1097 1038 1155 cristae.

264 1187 397 1245 strictius
421 1191 537 1244 assutae
561 1191 658 1244 155155
682 1202 804 1263 procera
829 1185 987 1244 cohercent

262 1272 395 1334 membra
418 1275 524 1355 virum,
547 1278 627 1352 patet
650 1273 697 1333 bis
720 1272 808 1332 altato
833 1275 961 1352 tegmine
985 1272 1102 1354 popleS,

192 1362 340 1423 24515155
364 1369 394 1422 51
417 1368 571 1440 angustam
594 1362 749 1440 suspendit
771 1360 886 1422 balteus
910 1361 1014 1422 alvum.

263 1453 431 1511 excussisse
455 1453 527 1511 citas
550 1457 665 1510 vastum
688 1469 743 1529 per
766 1453 852 1510 inane
876 1450 1020 1529 bipennes

263 1547 293 1600 et
315 1539 417 1618 plagae
440 1541 607 1619 praescisse
631 1538 728 1599 locum
752 1539 923 1619 clipeosque
946 1546 1044 1599 rotare

262 1628 350 1690 ludus
374 1636 404 1688 51
426 1631 552 1689 15151155
574 1628 753 1706 praecedere
777 1626 900 1689 saltibus
923 1627 1022 1688 hastas

262 1720 352 1796 inque
375 1717 491 1778 hostem
515 1719 632 1777 venisse
655 1719 752 1798 prius;
775 1716 940 1796 puerilibus
964 1720 1049 1777 annis

192 1818 244 1868 255
264 1813 309 1867 551
331 1805 402 1874 belli
425 1813 558 1866 maturus
583 1824 672 1866 amor.
719 1808 745 1866 si
768 1805 844 1866 15115
866 1813 1039 1885 premantur

263 1914 317 1956 seu
340 1913 463 1956 numero
488 1913 541 1955 seu
566 1901 645 1955 sorte
668 1894 735 1976 loci,
758 1912 839 1954 mors
863 1894 963 1955 obruit
984 1893 1060 1975 illos,

262 1986 449 2064 1155115151,
473 1985 576 2043 invicti
599 1990 733 2061 perstant
756 1986 912 2063 animoque
937 1991 1101 2061 supersunt

262 2075 322 2132 1551
345 2089 438 2150 prope
460 2079 529 2150 post
551 2073 686 2132 animam.
732 2071 806 2132 tales
829 2081 859 2132 te
883 2079 959 2133 teste
983 2073 1096 2151 fugavit

264 2170 294 2221 et
316 2160 451 2220 laudante
475 2162 563 2220 viros.
611 2164 747 2239 quisnam
770 2158 867 2222 leret?
899 2163 997 2221 omnia
1020 2168 1132 2243 tecum,

192 2256 292 2312 25515
317 2251 381 2309 sine
404 2248 496 2309 multa
519 2249 596 2309 lacit.
642 2257 774 2329 pugnant
796 2269 851 2329 pro
874 2251 1009 2329 principe
1034 2255 1151 2312 cuncti:

264 2355 352 2417 quam
375 2339 474 2419 timeo,
498 2356 535 2398 ne
559 2340 617 2397 iam
640 2341 697 2398 iste
721 2337 791 2398 sibi!
816 2341 842 2399 si
865 2357 956 2416 regna
978 2339 1102 2420 tenebit,

262 2427 333 2487 huic
356 2428 460 2507 vincis,
484 2427 690 2507 quodcumque
715 2428 824 2488 domae.
870 2427 913 2488 nil
932 2429 990 2488 lata
1013 2428 1197 2508 relinquunt

262 2516 310 2576 bic
333 2516 477 2575 medium:
500 2534 660 2595 percussor
683 2519 763 2576 euim
787 2519 812 2576 si
835 2519 953 2596 respuis
977 2535 1053 2599 esse,

263 2623 367 2665 servus
392 2607 458 2664 eris.
506 2612 691 2665 5511515515
716 2608 883 2666 5111551115
907 2613 1005 2666 servat

191 2705 244 2756 255
264 2693 360 2754 sidera
383 2692 555 2774 Chaldaeus,
579 2696 661 2754 novit
685 2697 712 2754 51
735 2696 867 2772 gramina
890 2693 1025 2774 Colchus,

262 2781 378 2861 fulgura
402 2785 428 2843 si
450 2782 576 2862 Tuscus,
600 2785 626 2842 si
649 2782 809 2843 Thessalus
833 2782 914 2844 elicit
938 2783 1066 2865 umbras,

263 2873 289 2931 si
311 2870 416 2951 Lyciae
441 2879 535 2931 sortes
560 2874 686 2951 sapiunt,
710 2872 982 2933 51555115151515

262 2959 320 3020 lata
343 2959 506 3038 loquuntur
528 2978 606 3040 5155,
630 2960 724 3020 doctis
746 2959 892 3021 balatibus
916 2961 1061 3021 Hammon

263 3050 289 3108 si
312 3055 445 3108 sanctum
470 3049 524 3109 sub
549 3049 634 3128 Syrte
658 3051 758 3129 gemit,
782 3052 807 3110 si
831 3050 958 3129 denique
983 3067 1094 3130 verum,

192 3149 243 3198 255
263 3137 389 3219 Phoebe,
412 3137 541 3220 Themis,
566 3136 700 3218 Dodona,
724 3141 815 3219 canis,
838 3147 905 3218 post
928 3146 1061 3218 tempora
1085 3146 1188 3202 nostra
1291 3189 1292 3206 1

246 3365 298 3415 255
317 3359 413 3414 cuncti
431 3361 480 3432 M]
503 3361 588 3415 multi
611 3362 741 3428 orm·
767 3364 801 3431 cf.
820 3362 922 3418 Parati
941 3379 1040 3434 ponec.
1056 3368 1092 3418 10
1117 3363 1187 3419 alios

172 3431 343 3558 15³3th
344 3448 490 3572 dpafignate,
509 3435 538 3486 15
556 3432 611 3486 tibi
629 3437 638 3502 ΙΙ
657 3437 709 3488 257
728 3432 824 3487 vincas
844 3433 901 3488 PT
917 3437 926 3504 11
949 3440 1000 3488 263
1020 3450 1070 3488 om.
1085 3434 1113 3488 P
1127 3437 1131 3504 l
1146 3435 1186 3490 lc-
