2636 4032
332 263 500 318 SIDONIUS
518 261 674 318 PETREIO
694 263 764 318 SUO
783 263 960 320 SALUTEM.
1109 263 1151 329 85

137 414 309 476 consuleret
331 415 455 494 invitus,
486 432 501 473 a
530 416 615 474 cuius
643 414 851 494 disputationis
880 417 1086 475 commuuione
1114 433 1152 476 ne

137 505 299 565 idiotarum
319 503 440 583 quidem
458 504 723 583 imperitorumque
744 505 905 564 sciscitatio
919 501 1152 582 repudiabatur?

136 592 168 654 4.
192 593 265 654 haec
288 610 382 673 pauca
404 591 441 652 de
463 591 579 652 studiis.
616 600 749 653 ceterum
768 599 867 653 cetera
886 594 952 671 quis
972 595 1153 672 competenti

136 684 298 763 praeconio
322 679 455 762 extollat,
483 681 562 760 quod
585 681 769 742 condicionis
797 681 943 742 humanae
971 700 1026 761 per
1054 685 1152 742 omnia

136 789 254 832 memor
286 771 411 832 clericos
444 788 533 848 opere
571 788 707 830 sermone
725 769 912 850 populares,
948 770 1151 831 exhortatione
1180 784 1193 826 5
1297 795 1298 798 ¹

137 866 307 921 maerentes
330 859 488 919 destitutos
513 858 636 940 solacio,
664 861 794 939 captivos
822 861 918 938 pretio
946 861 1063 920 ieiunos
1086 859 1152 921 cibo

136 948 236 1010 nudos
274 950 458 1027 operimento
496 944 728 1009 consolabatur?
777 950 890 1027 pariter
922 955 952 1009 01
984 966 1074 1027 super
1105 948 1153 1008 his

137 1038 225 1119 plura
257 1037 402 1117 replicare
430 1036 675 1115 superforaneum
703 1044 808 1098 statuo.
860 1055 928 1097 nam
955 1039 1061 1098 merita
1092 1055 1154 1118 sua,

138 1125 249 1206 quibus
273 1126 393 1186 divitem
417 1127 629 1187 conscientiam
648 1145 740 1187 ceusu
758 1134 937 1207 pauperatus
956 1126 1153 1207 locupletarit,

138 1235 193 1295 spe
217 1215 332 1276 futurae
356 1214 562 1275 retributionis
585 1215 681 1276 celare
700 1215 767 1295 plus
788 1215 909 1276 studuit.
950 1213 979 1277 5.
999 1234 1071 1272 000
1091 1217 1153 1295 epi·
1168 1229 1194 1269 1o

139 1323 264 1384 scopum
293 1304 415 1364 fratrem
442 1306 585 1364 maiorem
613 1311 684 1365 natu
712 1305 956 1366 affectuosissime
985 1302 1155 1386 observem,

139 1411 229 1473 quem
253 1392 394 1471 diligebat
415 1400 450 1456 ut
472 1392 574 1473 filium,
598 1412 666 1454 cum
687 1400 838 1473 tamquam
860 1401 976 1472 patrem
998 1411 1154 1454 venerare-

137 1491 198 1544 tur.
241 1482 292 1542 sed
316 1489 346 1542 et
368 1481 417 1542 ille
442 1481 623 1560 suspiciebat
645 1482 725 1542 huno
744 1482 905 1564 granditer,
927 1481 1039 1543 habens
1063 1485 1094 1543 in
1118 1501 1153 1543 eo

139 1570 344 1632 consiliarium
363 1572 394 1630 in
413 1569 532 1640 iudiciis
551 1573 695 1632 vicarium
713 1573 744 1631 in
764 1571 908 1652 ecclesiis,
930 1578 1155 1650 procuratorem

139 1663 173 1721 in
197 1662 323 1738 negotiis
346 1658 467 1720 vilicum
493 1662 526 1720 in
552 1660 696 1740 praediis,
723 1659 902 1721 tabularium
924 1662 956 1720 in
978 1659 1099 1720 tributis
1122 1661 1194 1719 in1⁵

138 1748 318 1810 lectionibus
341 1750 493 1829 comitem,
520 1751 552 1808 iu
576 1749 810 1828 expositionibus
834 1751 1029 1828 interpretem
1042 1751 1083 1830 ‚in
1106 1750 1155 1809 iti-

139 1837 263 1898 neribus
296 1835 547 1898 contubernalem.
597 1840 640 1898 sic
667 1840 786 1916 utrique
820 1837 856 1898 ab
887 1836 1029 1897 alterutro
1045 1833 1154 1916 ‘usque

139 1926 176 1987 ad
200 1926 341 1986 invidiam
365 1926 493 2010 exempli
515 1933 617 1987 mutua
640 1926 698 1987 fide
722 1928 925 2006 germanitatis
949 1926 1045 1986 officia
1068 1929 1154 1987 resti-

138 2015 308 2077 tuebantur.
346 2013 375 2078 6.
395 2014 447 2076 sed
467 2015 538 2095 quid
553 2015 686 2076 dolorem
703 2024 840 2076 nostrum
857 2015 1040 2076 moderaturi
1056 2017 1154 2076 causis

140 2106 241 2184 potius
265 2104 376 2164 doloris
400 2104 530 2165 tomenta
554 2102 740 2165 sufficimus?
785 2123 866 2185 ergo,
888 2111 922 2165 ut
945 2103 1045 2165 dicere
1068 2106 1153 2165 insti·
1168 2117 1195 2157 20

138 2201 302 2274 tueramus,
324 2192 395 2252 huic
418 2195 486 2274 iam,
509 2200 542 2254 ut
565 2201 611 2254 est
633 2192 706 2254 illud
724 2193 938 2274 Maronianum,
961 2195 1079 2255 cineri
1101 2195 1155 2254 in-

140 2288 242 2360 grato
275 2281 305 2341 id
339 2289 384 2341 est
416 2284 541 2361 gratiam
572 2301 632 2342 non
662 2282 792 2344 relaturo
820 2285 940 2343 neniam
968 2282 1155 2343 condidimus

141 2372 259 2432 tristem
281 2369 504 2449 luctuosamque
528 2371 743 2450 propemodum
767 2371 928 2452 laboriose,
952 2374 1021 2450 quia
1044 2371 1156 2432 iaceret

140 2459 273 2521 dictandi
296 2458 460 2519 desuetudo
484 2459 696 2541 difficultatem,
718 2462 779 2520 nisi
802 2460 880 2539 quod
900 2462 1031 2521 animum
1049 2468 1155 2522 natura

140 2549 411 2609 desidiosissimum
438 2548 522 2609 dolor
550 2549 621 2610 lletu
649 2549 787 2628 gravidus
815 2549 958 2610 accendit.
1005 2551 1069 2609 eius
1096 2549 1195 2609 100001

138 2655 260 2698 carmen
285 2644 342 2697 est:

303 2777 442 2840 Germani
466 2779 557 2841 decus
580 2787 611 2840 et
633 2779 717 2840 dolor
739 2779 885 2860 Mamerti,

301 2869 462 2929 mirantum
484 2871 572 2929 unica
594 2887 701 2948 pompa
725 2871 941 2948 episcoporum,

301 2956 357 3016 hoc
381 2956 431 3017 dat
454 2959 583 3036 caespite
606 2957 739 3019 membra
762 2957 950 3036 Claudianus,

301 3045 409 3124 triplex
432 3044 618 3126 bybliotheca
641 3065 699 3126 quo
722 3048 874 3126 magistro,
940 3101 946 3104 .

266 3146 282 3196 o
301 3133 432 3195 Romana
454 3135 549 3196 Attica
573 3134 748 3216 Christiana,
771 3134 865 3216 fulsit,

211 3346 245 3394 21
264 3340 349 3410 Verg.
364 3339 432 3396 Aen.
447 3339 495 3406 VI,
510 3345 570 3396 213.

212 3417 228 3466 2
247 3411 451 3481 repudiabatur
473 3412 500 3466 L
525 3419 550 3467 et
573 3416 653 3478 (corr.
676 3413 709 3467 10
729 3408 926 3481 repudiaretur
943 3409 1047 3479 N¹)N‚
1071 3426 1155 3480 repu-

140 3482 268 3537 diaretur
286 3483 324 3536 Μ
327 3483 430 3553 0le
448 3483 596 3552 populares
617 3498 743 3537 sermone
762 3484 902 3537 merentes
921 3479 1117 3536 exhortatione
1133 3479 1157 3536 Ο

138 3555 146 3626 11
166 3558 201 3608 10
219 3556 334 3610 initiam
351 3556 499 3610 0001001100
516 3555 691 3610 1000000ίά11
709 3555 763 3610 Leo
781 3557 790 3624 ΙΙ
811 3561 842 3609 13
863 3556 891 3608 01
909 3569 959 3610 om.
976 3553 1068 3625 01121)
1087 3568 1153 3623 ergo

138 3628 171 3680 01
189 3625 256 3680 LN
262 3626 329 3681 VM
332 3625 363 3694 T,
383 3640 485 3695 ergone
506 3625 548 3694 ΟΙΙ
