2610 4056
173 234 238 300 246
577 234 729 290 CARMEN
747 236 781 291 II.

263 385 299 445 ad
322 383 446 444 boream
469 402 582 463 pugnas
606 391 635 444 et
659 385 828 445 formidaris
852 384 889 445 ad
911 385 1061 446 Austrum.

306 474 381 534 Ante
403 480 502 534 tamen
526 490 613 551 quam
636 480 666 534 te
691 475 804 535 socium
828 472 938 554 collega
961 483 1087 556 crearet,

261 563 474 642 perstrinxisse
497 561 579 643 libet,
602 581 676 642 quos
699 561 796 641 illyris
820 581 871 623 ora
894 563 1063 642 triumphos

191 663 244 714 225
262 652 379 732 uiderit,
402 652 532 711 excisam
555 669 630 729 quae
654 668 686 713 se
709 650 871 712 Valameris
894 651 930 712 ab
954 655 1045 712 armis

261 742 336 812 forte
360 739 444 801 ducis
467 741 564 800 nostri
586 741 657 800 vitio
681 739 799 800 deserta
821 740 964 819 gemebat.

261 829 339 890 haud
363 828 458 910 aliter,
481 846 585 889 caesus
609 828 758 906 quondam
782 847 850 889 cum
874 829 981 909 Caepio
1005 829 1100 892 robur

263 918 376 980 dedidit
397 917 570 997 Ausonium,
594 916 691 978 subita
714 925 837 997 cogente
861 920 949 979 ruina

264 1008 393 1069 electura
418 1005 523 1068 ducem
545 1013 614 1085 post
636 1013 755 1085 guttura
778 1007 871 1068 fracta
893 1006 1051 1086 Iugurthae

190 1108 243 1158 230
260 1096 356 1158 ultum
378 1095 550 1175 Arpinatem
574 1093 732 1174 Calpurnia
754 1095 873 1156 foedera
896 1095 986 1156 lixam

263 1187 402 1265 opposuit
424 1183 528 1244 rabido
551 1182 719 1263 respublica
741 1186 847 1246 territa
870 1184 998 1246 Cimbro.

261 1274 310 1335 hic
332 1276 463 1354 primum
485 1279 519 1333 ut
540 1278 653 1333 vestras
677 1272 790 1352 aquilas
813 1274 966 1353 provincia
988 1275 1070 1356 vidit,

261 1363 350 1424 desiit
371 1360 495 1422 hostiles
519 1361 676 1422 confestim
697 1361 821 1422 horrere
845 1362 997 1424 dracones.

260 1451 342 1512 ilicet
364 1451 486 1512 edomiti
508 1449 586 1510 bello
608 1450 776 1530 praedaque
801 1458 936 1512 carentes

190 1551 243 1602 235
261 1558 330 1602 mox
353 1542 412 1619 ipsi
434 1547 484 1600 tua
506 1538 617 1618 praeda
640 1541 745 1600 iacent.
793 1539 845 1600 sed
869 1542 1033 1602 omittimus
1057 1544 1136 1605 istos

261 1638 294 1692 ut
316 1628 519 1709 populatores:
541 1627 613 1688 belli
634 1630 729 1706 magis
752 1636 816 1689 acta
838 1628 965 1690 revolvo.

262 1719 340 1798 quod
363 1716 473 1779 bellum
496 1735 557 1778 non
579 1735 669 1796 parva
691 1735 797 1778 manus
820 1735 876 1778 nec
899 1735 1018 1779 carcere
1043 1719 1139 1782 fracto

261 1808 298 1869 ad
321 1807 513 1887 gladiaturam
536 1813 570 1866 tu
593 1805 732 1885 Spartace
756 1808 852 1867 vincte
876 1809 996 1888 parasti,

262 1896 314 1958 sed
337 1895 491 1975 Scythicae
513 1912 585 1973 vaga
608 1893 695 1955 turba
717 1893 829 1975 plagae,
853 1896 979 1956 feritatis
1002 1895 1169 1980 abundans,

190 1996 243 2046 240
262 1986 335 2067 dira,
358 2003 457 2065 rapax,
480 1983 649 2063 vehemens,
670 1985 744 2063 ipsis
768 2002 885 2063 quoque
909 1984 1047 2064 gentibus
1071 1985 1133 2047 illic

260 2074 386 2136 barbara
408 2072 581 2153 barbaricis,
604 2073 690 2131 cuius
714 2072 773 2133 dux
795 2072 955 2134 Hormidac
978 2080 1066 2152 atque

261 2166 334 2225 civis
358 2169 429 2223 erat.
475 2163 542 2240 quis
564 2160 622 2220 tale
647 2160 743 2221 solum
766 2169 812 2222 est
835 2180 993 2242 moresque
1017 2180 1189 2244 genusque:

261 2251 345 2313 albus
367 2249 567 2330 Hyperboreis
589 2249 696 2310 Tanais
720 2268 777 2330 qua
800 2250 925 2312 vallibus
949 2259 1033 2312 actus

260 2339 390 2420 Riphaea
413 2339 450 2399 de
473 2346 558 2399 caute
581 2338 669 2419 cadit,
691 2341 768 2399 iacet
791 2357 844 2400 axe
868 2339 923 2401 sub
946 2339 1040 2401 Ursae

190 2440 241 2491 245
262 2447 334 2509 gens
358 2428 465 2488 animis
487 2427 689 2506 membrisque
712 2430 825 2488 minax:
848 2430 889 2488 ita
911 2428 1042 2490 vultibus
1066 2431 1142 2508 ipsis

262 2519 408 2579 inlautum
432 2535 503 2578 suus
526 2515 633 2577 horror
656 2519 743 2578 inest.
790 2520 943 2596 consurgit
965 2519 997 2577 in
1020 2524 1117 2579 artum

261 2625 358 2668 massa
381 2605 508 2667 rotunda
531 2613 632 2686 caput3
656 2607 782 2684 geminis
806 2605 861 2667 sub
885 2606 981 2667 fronte
1005 2610 1142 2668 cavernis

261 2699 342 2758 visus
366 2695 449 2755 adest
472 2694 565 2755 oculis
589 2693 775 2775 absentibus3
799 2702 863 2756 acta
886 2694 1002 2756 cerebri

261 2788 293 2846 in
316 2801 462 2846 cameram
485 2786 533 2844 vix
557 2783 593 2844 ad
616 2783 735 2863 refugos
759 2781 809 2844 lux
831 2786 968 2863 pervenit
991 2783 1087 2864 orbes,

190 2885 242 2936 250
261 2892 321 2935 nou
343 2881 443 2934 tamen
466 2879 496 2933 et
519 2872 648 2953 clausos3
670 2890 739 2933 nam
762 2872 875 2934 fornice
900 2891 959 2933 nou
983 2875 1114 2952 spatioso

260 2980 366 3042 magua
388 2960 489 3022 vident
511 2963 613 3043 spatia,
636 2968 666 3022 et
687 2963 810 3022 maioris
833 2960 955 3022 luminis
978 2979 1066 3022 usum

260 3053 417 3132 perspicua
440 3052 472 3111 iu
494 3052 592 3130 puteis
615 3058 808 3130 compensant
829 3058 940 3129 puncta
961 3051 1127 3130 profundis.

262 3149 335 3221 tum,
357 3158 395 3201 ne
418 3158 472 3219 per
494 3139 586 3199 malas
609 3147 762 3200 excrescat
784 3139 882 3200 fistula
907 3139 1025 3220 duplex,

263 3229 399 3291 obtundit
420 3237 538 3289 teneras
561 3227 743 3289 circumdata
765 3227 855 3288 fascia
878 3247 975 3309 nares,

244 3459 296 3508 239
314 3453 400 3524 vaga]
419 3468 493 3507 nova
508 3453 534 3506 Τ
545 3453 554 3521 ΙΙ
568 3457 619 3506 242
637 3468 784 3521 moresque
802 3469 849 3524 epo
869 3455 945 3534 (item
958 3452 1138 3522 Incetjobann
1156 3457 1189 3510 in

174 3526 266 3593 adn.);
279 3525 407 3594 murique
417 3524 493 3579 codd.
507 3525 517 3590 11
531 3528 583 3577 246
593 3525 685 3578 atrum
698 3522 740 3594 011
754 3526 804 3576 251
820 3539 955 3578 merorem
965 3525 991 3578 Τ
1002 3527 1012 3594 ΙΙ
1025 3529 1078 3579 254
1091 3523 1191 3584 fascea

174 3597 203 3651 P
219 3599 300 3666 (corr.
318 3613 352 3652 eor
369 3595 461 3663 facea)
483 3593 506 3649 0
516 3596 526 3662 l

1287 1351 1288 1418 l

1286 1935 1288 1986 l

1285 2001 1287 2060 l

1286 2151 1287 2216 l

1286 2355 1287 2398 l
