2614 4030
350 223 518 280 SIDONIUS
536 222 679 280 MONTIO
700 223 767 280 SUO
788 223 966 280 SALUTEM.
1121 224 1163 288 23

150 375 202 436 sed
226 392 331 435 carens
354 373 461 455 indice,
485 391 625 434 versuum
648 374 736 454 plena
759 376 949 435 satiricorum
971 374 1164 455 mordacium,

149 482 219 524 sane
245 465 297 542 qui
320 465 392 523 satis
415 463 629 524 invectivaliter
657 463 743 524 abusi
766 465 920 524 nominum
943 464 1077 525 nuditate
1101 481 1186 524 car·v
1256 511 1260 518 .

147 552 259 633 pebant
281 551 443 632 plurimum
466 553 545 632 vitia,
567 552 635 632 plus
657 553 802 614 homines.
848 555 927 613 inter
944 552 1017 614 haec
1036 554 1163 614 fremere

148 641 351 721 ArelatenseS,
385 658 443 720 quo
472 640 530 700 loci
558 660 607 702 res
637 641 792 722 agebatur,
824 650 855 702 et
885 660 1042 722 quaerere,
1075 661 1164 720 quem

147 737 305 811 poetarum
328 729 440 809 publici
463 730 573 791 luroris
600 733 707 791 merito
730 731 848 810 pondus
871 738 1004 811 urgeret,
1032 731 1079 791 his
1103 749 1163 791 ma·
1191 744 1203 784 5

147 823 228 880 xime
252 818 432 899 auctoribus,
456 837 530 897 quos
554 821 633 880 notis
657 823 747 880 certis
771 827 874 881 auctor
893 822 1025 880 incertus
1044 839 1163 881 exacer-

146 909 276 969 baverat.
323 906 352 971 3.
377 907 485 968 accidit
512 926 597 989 casu,
624 915 657 970 ut
680 908 844 970 Catullinus
868 908 1003 969 inlustris
1031 917 1103 970 tunc
1127 909 1163 969 ab

147 998 289 1058 Arvernis
317 996 368 1057 illo
399 998 528 1077 veniret,
561 1016 629 1058 cum
662 1016 779 1078 semper
811 997 885 1059 mihi
911 1004 975 1058 tum
1004 1000 1163 1078 praecipue

148 1086 323 1148 commilitio
337 1088 452 1147 recenti
466 1085 633 1168 familiaris3
649 1105 736 1166 saepe
752 1089 832 1148 enim
847 1089 926 1147 cives
940 1089 1034 1165 magis
1052 1089 1163 1147 amicos

146 1177 348 1256 peregrinatio
371 1175 449 1235 lacit.
495 1177 587 1253 igitur
613 1176 738 1237 insidias
761 1178 908 1237 nescienti
931 1183 991 1236 tam
1014 1175 1161 1236 Paeonius
1175 1192 1200 1232 ro

148 1283 238 1344 quam
260 1264 402 1343 Bigerrus
425 1264 478 1324 has
506 1265 708 1346 tetenderunt,
736 1273 769 1326 ut
796 1265 934 1345 plurimis
962 1283 1061 1326 coram
1089 1272 1163 1325 tam-

148 1372 238 1433 quam
261 1352 297 1414 ab
321 1355 440 1413 incauto
464 1355 697 1435 sciscitarentur,
719 1354 775 1415 hoc
794 1373 902 1415 norum
922 1372 1042 1415 carmen
1061 1373 1098 1414 an
1117 1372 1164 1415 re-

148 1449 351 1522 cognosceret.
390 1448 420 1503 et
442 1441 506 1502 ille:
530 1439 569 1503 ‘si
592 1439 749 1504 dixeritis’.
787 1463 915 1523 cumque
934 1443 1027 1504 frusta
1047 1444 1164 1504 diversa

148 1534 235 1612 quasi
257 1550 313 1612 per
336 1533 435 1592 iocum
459 1531 655 1612 effunderent,
679 1532 802 1592 solvitur
826 1532 990 1594 Catullinus
1014 1535 1164 1593 inrisum

147 1622 417 1700 intempestivoque
446 1620 586 1698 suffragio
617 1621 744 1682 clamare
772 1624 871 1701 coepit
898 1621 1021 1700 dignum
1048 1640 1163 1703 poema,
1178 1634 1202 1674 1⁵

148 1711 228 1790 quod
251 1709 476 1790 perennandum
504 1709 637 1788 apicibus
666 1712 776 1771 auratis
804 1712 882 1770 iuste
905 1709 1003 1771 tabula
1027 1710 1162 1771 rostralis

148 1802 298 1878 acciperet
325 1805 375 1859 aut
405 1800 494 1859 etiam
518 1798 691 1879 Capitolina.
736 1797 766 1860 4.
790 1798 935 1859 Paeonius
964 1801 1087 1880 exarsit,
1116 1802 1164 1859 cui

148 1891 287 1949 satiricus
320 1887 370 1947 ille
402 1905 534 1948 morsum
567 1888 665 1950 dentis
698 1889 785 1966 igniti
817 1888 930 1948 avidius
963 1890 1164 1969 impresserat,

148 1985 238 2056 atquc
262 1977 298 2037 ad
327 1976 477 2037 adstantes
505 1977 711 2038 circulatores:
740 1974 879 2038 ‘iniuriae
904 1973 1090 2058 communis',
1118 1979 1163 2037 in-

118 2051 225 2147 'quit,
259 2060 329 2126 ‘iam
361 2084 446 2126 reum
479 2067 586 2126 inveni.
632 2067 752 2148 videtis,
784 2073 818 2128 ut
848 2066 1013 2127 Catullinus
1047 2067 1163 2146 deperit
1177 2080 1203 2119 2⁰

146 2158 225 2216 risu:
253 2161 375 2235 apparet
399 2157 427 2214 ei
455 2161 524 2214 nota
548 2158 716 2216 memorari.
761 2174 831 2216 narn
860 2174 934 2235 quae
964 2147 1056 2216 causa'
1080 2156 1162 2216 lesti-

146 2262 215 2305 nam
240 2243 382 2323 compulit
402 2245 599 2323 praecipitare
619 2247 805 2326 sententiam,
828 2247 888 2305 nisi
907 2237 985 2323 quod
1005 2247 1063 2304 iam
1082 2252 1164 2305 tenet
1204 2265 1210 2281 ·

146 2341 255 2414 totum,
285 2335 336 2411 qui
360 2332 396 2392 dc
419 2340 503 2412 parte
528 2335 571 2393 sic
594 2329 727 2394 iudicat?
759 2336 842 2412 atqui
865 2333 1005 2394 Sidonius
1028 2352 1108 2394 nunc
1132 2336 1163 2394 in

145 2423 279 2482 Arverno
297 2429 356 2482 est:
380 2420 458 2482 unde
478 2420 626 2500 colligitur
645 2430 764 2483 auctore
784 2422 843 2504 illo,
867 2425 924 2483 isto
945 2422 1079 2483 auditore
1098 2441 1163 2482 rem

146 2505 279 2572 textam?
324 2512 385 2571 itur
407 2513 439 2571 in
462 2509 555 2570 furias
579 2513 669 2589 inque
693 2513 825 2572 convicia
849 2510 981 2572 absentis
1000 2514 1162 2572 nescientis
1177 2523 1203 2564 25

137 2602 388 2681 ¹innocentisque3
412 2601 622 2681 conscientiae,
640 2600 719 2682 fidei,
738 2603 905 2679 quaestioni
924 2599 966 2660 nil
984 2608 1162 2661 reservatur,

146 2691 191 2749 sic
214 2688 287 2748 levis
310 2688 414 2750 turbae
439 2688 623 2770 facilitatem,
651 2707 708 2768 qua
736 2688 841 2770 voluit,
870 2697 899 2749 et
922 2691 1012 2749 traxit
1035 2707 1162 2769 persona

144 2776 307 2858 popularis.
344 2773 372 2838 5.
393 2785 456 2838 erat
471 2780 551 2839 enim
565 2780 630 2858 ipsc
644 2777 790 2839 Paeonius
804 2777 907 2858 populi
925 2784 1015 2858 totus,
1039 2780 1090 2856 qui
1109 2781 1162 2837 tri-

144 2866 276 2928 buniciis
313 2865 432 2927 flatibus
469 2866 574 2928 crebro
612 2867 792 2928 seditionum
829 2867 950 2946 pelagus
987 2865 1161 2945 impelleret.

144 2963 280 3016 ceterum
303 2958 329 3016 si
352 2957 546 3034 requisisses:
570 2952 644 3034 ‘qui
667 2973 792 3037 genus,
816 2955 909 3016 unde
933 2950 1077 3035 domoi',
1101 2973 1161 3015 non
1176 2969 1202 3009 ao

145 3047 326 3105 eminentius
350 3063 439 3122 quam
461 3045 682 3124 municipaliter
705 3051 792 3105 natus
811 3063 959 3124 quemque
979 3046 1058 3103 inter
1077 3046 1162 3104 initia

217 3238 252 3286 30
272 3233 356 3302 Verg.
370 3231 439 3288 Aen.
455 3232 528 3302 VIII,
545 3238 603 3288 114.

218 3311 231 3358 1
253 3303 431 3359 satiricorum
449 3321 499 3360 om.
515 3311 627 3374 practer
645 3319 724 3358 orum
742 3320 781 3374 sp.
798 3309 816 3360 7
835 3305 852 3359 I.
866 3321 891 3358 o.
911 3303 938 3357 L
951 3306 960 3371 l
980 3309 994 3357 7
1015 3309 1079 3360 aare
1097 3303 1161 3358 illu·

145 3375 211 3429 stris
231 3376 281 3447 leq.
295 3374 339 3430 vir
357 3378 388 3430 dn
404 3377 430 3430 Τ
441 3379 449 3445 Η
464 3380 498 3430 10
517 3375 588 3430 fecit
606 3373 694 3444 igitur
712 3393 762 3431 om.
780 3393 821 3446 sp.
837 3381 854 3430 9
869 3376 885 3430 I.
901 3392 925 3430 o.
940 3375 967 3429 L
981 3377 990 3445 ΙΙ
1006 3382 1038 3430 13
1057 3376 1163 3430 frustra

141 3449 168 3506 (r
187 3463 255 3502 eras.
276 3447 314 3500 M
317 3447 383 3517 ¹)M
385 3447 439 3502 OT
449 3452 459 3515 l
475 3453 507 3501 14
527 3446 702 3501 effunderent
715 3447 781 3502 LN
788 3447 856 3502 VM
859 3447 891 3516 T,
910 3445 1100 3502 diffunderent
1120 3447 1143 3503 0
1153 3448 1162 3519 ll

145 3523 179 3572 23
199 3516 280 3587 atqui
298 3535 359 3586 epo,
381 3517 479 3587 itaque
502 3520 578 3574 codd.
602 3519 612 3587 ΙΙ
635 3523 668 3571 27
689 3520 718 3572 et
740 3517 829 3572 traxit
846 3518 873 3572 L
896 3524 922 3574 ct
938 3536 966 3573 o.
985 3537 1010 3574 o.
1031 3523 1111 3587 (corr.
1131 3521 1163 3572 c'o

145 3587 289 3644 contraxit
298 3589 332 3644 N
335 3589 403 3658 ²)N,
422 3591 563 3644 contraxit
576 3589 643 3643 VM
646 3588 712 3660 0st
730 3591 763 3646 de
777 3591 881 3659 quaes.
896 3607 917 3646 c.
929 3589 1015 3658 XVI,
1028 3594 1140 3645 99.105
1152 3589 1162 3660 ll
