2660 4030
176 199 238 263 172
527 198 636 253 LIBER
654 197 827 254 OCTAVUS.

219 490 311 563 dni
339 489 512 562 SOLLII
540 487 902 561 APOLLINARIS
932 487 1138 563 SIDONII

488 629 872 703 EPISTULARUM

521 808 632 869 LIBER
655 807 831 869 OCTAVUS.

666 997 691 1064 I.

350 1120 517 1178 SIDONIUS
536 1120 719 1176 PETRONIO
739 1120 807 1177 SUO
827 1120 1006 1177 SALUTEM.

240 1233 268 1298 1.
292 1236 337 1297 Tu
361 1235 480 1314 quidem
502 1234 626 1314 pulchre
655 1228 733 1318 (mos
761 1234 810 1296 hic
837 1241 921 1316 tuus,
949 1242 978 1296 et
1000 1229 1183 1320 persevera),

171 1328 217 1386 vir
232 1327 364 1386 omnium
378 1324 533 1404 bonorum,
552 1326 603 1402 qui
622 1326 738 1403 uspiam
757 1324 876 1405 degunt,
894 1323 979 1385 laude
999 1324 1183 1407 dignissime,

173 1413 252 1493 quod
283 1416 445 1474 amicorum
473 1412 597 1493 gloriae,
630 1413 726 1474 sicubi
753 1411 849 1494 locus,
880 1412 1067 1474 lenocinaris.
1113 1413 1183 1475 hinc

145 1510 220 1563 sest
242 1503 319 1582 quod
344 1504 432 1563 etiam
456 1503 565 1561 scrinia
588 1501 719 1562 Arverna
741 1504 818 1580 petis
842 1501 1004 1583 eventilari,
1027 1504 1077 1562 cui
1099 1503 1181 1563 sulli-

173 1610 240 1653 ccre
265 1589 502 1671 suspicabamur,
530 1591 557 1650 si
580 1590 652 1669 quid
680 1593 835 1670 superiore
863 1589 981 1668 vulgatu
1007 1590 1182 1669 protulisse-

172 1699 246 1742 mus.
296 1683 395 1758 itaque
418 1697 532 1739 morem
556 1697 693 1758 geremus
720 1680 875 1759 iniunctis,
908 1681 1053 1739 actionem
1082 1687 1184 1741 tamen

173 1769 233 1831 stili
256 1776 378 1830 catenus
401 1770 602 1848 prorogaturi,
630 1775 664 1828 ut
687 1766 880 1847 epistularum
907 1770 1017 1828 seriem
1039 1770 1182 1830 nimirum

172 1878 188 1920 a
210 1858 373 1938 primordio
401 1856 558 1917 voluminis
586 1855 788 1917 inchoatarum
816 1859 848 1917 in
876 1858 985 1917 extimo
1013 1857 1071 1918 line
1099 1861 1183 1938 parvi

133 1970 158 2010 10
173 1947 268 2009 adhuc
290 1947 408 2007 numeri
431 1964 545 2006 summa
568 1945 733 2027 protendat,
757 1964 831 2025 opus
854 1945 991 2006 videlicet
1010 1945 1182 2026 explicitum

173 2035 299 2116 quodam
323 2037 407 2114 quasi
430 2036 572 2113 marginis
596 2036 643 2095 sui
661 2033 752 2095 limbo
771 2042 954 2095 coronatura.
992 2032 1021 2096 2.
1045 2036 1098 2096 sed
1114 2035 1182 2116 plus

172 2125 333 2186 cavendum
361 2132 420 2202 est,
452 2141 488 2183 ne
521 2141 587 2183 scra
616 2130 740 2202 propter
766 2126 824 2183 iam
851 2123 997 2202 propalati
1025 2133 1182 2203 augmenta

171 2213 329 2274 voluminis
352 2214 383 2272 in
407 2211 521 2289 aliquos
544 2212 668 2271 forsitan
691 2211 856 2273 incidamus
879 2215 1081 2293 vituperones,
1110 2232 1182 2292 quo-

172 2320 239 2362 rum
262 2301 363 2379 lugere
387 2299 501 2379 linguas
525 2306 590 2360 cote
613 2299 715 2361 livoris
738 2301 913 2362 naturalitus
939 2304 1121 2363 acuminatas
1143 2321 1181 2363 ne

133 2413 159 2454 1⁵
172 2389 377 2451 Demosthenis
413 2389 532 2468 quidem
560 2388 771 2469 Ciceronisque
803 2393 967 2450 sententiae
995 2391 1124 2451 artifices
1152 2400 1182 2452 ct

172 2480 288 2558 eloquia
316 2477 398 2538 labra
423 2484 561 2559 potuere,
589 2497 715 2557 quorum
743 2481 874 2539 anterior
901 2485 1000 2539 orator
1023 2478 1181 2561 Demaden,

172 2570 292 2628 citerior
315 2567 474 2628 Antonium
503 2567 667 2628 toleravere
690 2568 893 2648 derogatores,
926 2570 977 2646 qui
1004 2567 1085 2629 lividi
1113 2587 1181 2630 cum

171 2658 282 2718 luerint
304 2655 432 2716 malitiae
456 2656 560 2738 clarae,
585 2655 724 2717 dictionis
748 2655 901 2738 obscurae,
922 2663 1021 2717 tamen
1045 2656 1081 2717 ad
1104 2660 1180 2718 noti-

170 2749 243 2806 tiam
265 2752 452 2825 posterorum
475 2763 530 2824 per
549 2745 615 2805 odia
632 2747 775 2806 virtutum
795 2745 1037 2806 decucurrerunt.
1074 2744 1103 2808 3.
1128 2746 1181 2807 sed

131 2859 158 2899 so
172 2838 240 2914 quia
267 2834 409 2915 hortaris,
441 2835 576 2913 repetitis
609 2833 741 2895 laxemus
773 2833 837 2895 vela
867 2834 1037 2896 turbinibus
1070 2842 1099 2895 et
1129 2837 1182 2915 qui

170 2923 263 2984 veluti
285 2925 378 2983 maria
400 2924 629 3003 transmisimus,
656 2922 713 2983 hoc
736 2925 822 3002 quasi
849 2929 984 3002 stagnum
1007 2926 1180 3003 pernavige-

171 3031 245 3074 mus.
290 3030 359 3072 nam
383 3013 454 3071 satis
476 3011 571 3072 habeo
595 3011 802 3092 deliberatum,
831 3014 908 3073 sicut
930 3013 1125 3073 adhibendam
1148 3014 1181 3072 in

172 3103 391 3180 conscriptione
419 3099 614 3181 diligentiam,
646 3103 687 3160 ita
718 3102 876 3162 tenendam
898 3103 930 3161 in
958 3102 1087 3162 editione
1111 3119 1181 3161 con-

244 3276 276 3324 14
294 3269 462 3324 naturaliter
485 3271 511 3325 Τ
533 3271 538 3341 Ι
563 3269 757 3327 cucuminatas
782 3276 810 3338 (l
835 3273 886 3327 litt.
906 3289 974 3328 eras.
990 3272 1027 3325 M
1031 3271 1095 3339 ’)M
1115 3272 1120 3344 Ι
1144 3287 1180 3325 ne

171 3342 240 3410 LV,
262 3358 314 3396 nec
333 3342 367 3395 N
368 3341 462 3396 MTO
485 3345 494 3411 ΙΙ
522 3347 555 3396 16
575 3343 669 3396 oretur
687 3342 724 3395 M
730 3342 822 3411 ΟΤΡ,
847 3346 943 3396 oretur
960 3344 1003 3412 Ν,
1030 3345 1125 3402 oratus
1144 3342 1181 3411 L,

171 3430 220 3468 om.
237 3413 265 3466 F
277 3414 287 3482 ΙΙ
306 3417 338 3466 tv
358 3431 396 3466 aa
414 3413 606 3467 secludendum
623 3411 722 3466 lividi?
740 3413 917 3482 Lacetjoboun
934 3417 943 3481 ΙΙ
962 3419 995 3470 19
1015 3413 1179 3469 decucurre-

170 3489 236 3536 runt
253 3483 292 3550 L,
316 3481 546 3538 dereourrerunt
570 3487 601 3549 (2
620 3485 671 3539 litt.
691 3501 758 3539 eras.
775 3485 859 3538 NaM
866 3485 928 3554 ²)N
929 3486 975 3554 M,
998 3485 1180 3540 decurrerunt

173 3553 227 3608 UT
238 3555 247 3622 ΙΙ
261 3559 295 3606 20
314 3553 472 3607 turbinibus
492 3554 529 3607 M
533 3553 591 3623 OT,
608 3553 761 3608 turbidinis
780 3556 807 3610 L
820 3558 829 3625 ss
