2614 4030
176 214 218 277 14
541 212 650 268 LIBER
668 212 812 268 PRIMUS.

174 364 254 424 disse
278 358 414 424 sed'tam
437 364 489 425 diu
519 365 638 424 stetisse
660 362 728 442 plus
751 364 852 423 miror.
894 382 911 422 o
936 367 1073 442 quotiens
1096 383 1184 445 saepe

173 455 238 532 ipse
262 471 294 512 se
318 452 440 513 adversa
458 470 635 533 perpessum
653 450 843 533 gloriabatur,
867 470 934 513 cum
956 460 1056 515 tamen
1074 472 1128 515 nos
1148 454 1184 515 ab

174 541 281 602 affectu
307 541 500 620 profundiore
523 544 670 602 ruituram
694 543 758 602 eius
786 541 962 622 quandoque
986 545 1185 604 temeritatem

173 632 398 712 miseraremur,
425 631 600 691 definientes
627 647 688 690 non
716 647 781 690 esse
809 629 940 712 felicem,
969 633 1020 710 qui
1045 631 1103 692 hoc
1125 633 1183 693 fre-

147 726 300 799 squcnter
331 722 431 798 potius
465 737 530 780 csse
564 737 652 798 quarn
680 736 799 798 semper
827 719 1022 781 iudicaretur!
1070 717 1099 782 3.
1132 721 1184 782 sed

174 807 396 886 gubernationis
416 827 486 870 suae
504 808 639 869 ordinem
654 810 796 886 exposcis
826 807 903 868 salva
922 809 992 869 fidei
1006 813 1182 891 reverentia,

174 915 248 975 quae
272 899 366 958 amico
391 896 516 958 debetur
540 899 629 957 etiam
652 896 770 978 afflicto,
793 915 858 957 rem
878 896 1008 959 breviter
1027 916 1181 977 exponam.

172 986 389 1064 praefecturam
411 989 536 1066 primam
565 984 741 1065 gubernavit
768 1004 837 1046 cum
859 1003 965 1064 magna
986 979 1183 1066 popularitate

173 1082 464 1155 consequentemque
488 1093 556 1136 cum
579 1076 707 1135 maxima
729 1074 927 1154 populatione.
960 1077 1073 1156 pariter
1092 1095 1182 1137 onere

132 1183 158 1222 1o
173 1163 333 1242 depressus
362 1167 438 1224 aeris
466 1163 556 1224 alieni
582 1170 665 1225 metu
693 1164 875 1224 creditorum
903 1182 1094 1225 successuros
1125 1163 1183 1226 sibi

173 1255 329 1332 optimates
353 1252 562 1314 aemtdabatur.
605 1255 739 1314 omnium
762 1252 906 1332 colloquia
929 1253 1038 1332 ridere,
1061 1253 1184 1315 consilia

171 1343 288 1421 mirari,
316 1341 414 1402 officia
440 1349 645 1423 contemnere,
672 1344 734 1421 pati
762 1341 798 1402 de
827 1349 1036 1403 occurrentum
1061 1345 1183 1404 raritate

172 1432 385 1512 suspicionem,
409 1430 445 1492 de
469 1430 651 1510 assiduitate
665 1430 830 1511 fastidium,
853 1430 961 1512 donec,
985 1431 1046 1492 odii
1068 1430 1183 1511 publici

170 1518 247 1579 mole
278 1519 401 1581 vallatus
432 1527 462 1580 et
491 1522 575 1600 prius
606 1522 721 1580 cinctus
752 1519 885 1580 custodia
916 1538 1002 1599 quam
1035 1527 1181 1598 potestate

131 1627 157 1667 rs
171 1607 351 1689 discinctus,
382 1616 486 1688 captus
519 1608 743 1688 destinatusque
774 1610 911 1688 pervenit
941 1607 1081 1690 Romam,
1112 1608 1180 1669 ilico

169 1703 300 1778 tumens,
333 1698 412 1777 quod
441 1697 586 1777 prospero
614 1716 704 1758 cursu
731 1695 931 1776 procellosum
958 1697 1082 1758 Tusciae
1110 1697 1181 1758 litus

170 1787 362 1868 enavigasset,
384 1794 533 1866 tamquam
557 1785 616 1846 sibi
638 1785 714 1847 bene
735 1788 853 1846 conscio
877 1788 941 1864 ipsa
965 1786 1180 1864 quodammodo

170 1874 314 1935 elementa
342 1875 562 1936 famularentur.
599 1873 628 1935 4.
660 1877 692 1935 in
720 1874 863 1954 Capitolio
892 1874 1115 1936 custodiebatur
1143 1875 1179 1934 ab

168 1963 284 2042 hospite
312 1962 411 2024 Flavio
439 1964 550 2045 Asello,
580 1965 688 2024 comite
717 1981 868 2024 sacrarum
892 1963 1097 2044 largitionum,
1129 1966 1181 2043 qui

129 2071 155 2110 ao
168 2052 264 2112 adhuc
296 2054 328 2112 in
360 2071 395 2113 eo
429 2053 665 2114 semifumantem
692 2052 896 2132 praefecturae
924 2071 1019 2132 nuper
1047 2060 1179 2113 extortae

169 2141 342 2219 dignitatem
364 2142 568 2203 venerabatur.
616 2144 730 2202 interea
757 2140 846 2220 legati
869 2139 1038 2221 provinciae
1062 2141 1181 2223 Galliae,

167 2229 330 2291 Tonantius
350 2229 507 2292 Terreolus
530 2231 754 2312 praefectorius,
777 2230 891 2290 Afranii
910 2231 1024 2310 Syagrii
1048 2230 1179 2290 consulis

169 2336 184 2378 e
214 2317 273 2378 lilia
301 2337 407 2402 nepos,
435 2319 631 2381 Thaumastus
660 2337 778 2399 quoque
802 2328 832 2379 et
853 2318 1024 2400 Petronius,
1052 2321 1180 2379 maxima

168 2425 269 2467 rerum
296 2407 514 2487 verborumque
543 2411 667 2469 scicntia
694 2408 822 2489 praediti
850 2415 880 2467 et
902 2410 981 2468 inter
1003 2407 1179 2486 principalia

128 2515 154 2555 33
167 2497 280 2575 patriae
295 2504 415 2558 nostrae
430 2497 537 2558 decora
553 2498 693 2579 ponendi,
711 2499 864 2577 praevium
878 2496 1046 2556 Arvandum
1059 2496 1179 2576 publico

167 2586 287 2645 nomine
320 2589 487 2647 accusaturi
519 2605 587 2647 cum
619 2588 711 2666 gestis
744 2583 942 2646 decretalibus
970 2586 1178 2665 insequuntur.

168 2671 196 2735 5.
221 2676 273 2753 qui
296 2676 374 2735 inter
397 2682 505 2757 cetera,
529 2694 603 2755 quae
628 2674 686 2735 sibi
708 2673 904 2754 provinciales
928 2674 1040 2752 agenda
1058 2675 1178 2736 manda-

166 2770 278 2845 verant,
301 2766 482 2845 interceptas
501 2764 615 2826 litteras
634 2763 816 2843 deferebant,
839 2781 912 2841 quas
931 2763 1059 2823 Arvandi
1078 2765 1176 2825 scriba

167 2859 321 2932 correptus
345 2852 497 2914 dominum
521 2853 647 2914 dictasse
670 2850 872 2933 profitebatur.
919 2852 992 2913 haec
1016 2853 1052 2912 ad
1075 2871 1177 2930 regem

126 2961 152 3001 ao
167 2940 329 3003 Gothorum
344 2942 444 3003 charta
457 2941 613 3004 videbatur
628 2944 732 3024 emitti,
750 2958 853 3075 pacem
868 2959 936 3002 cum
951 2940 1062 3002 Graeco
1082 2945 1176 3021 impe-

238 3151 359 3217 33333,
374 3154 390 3202 1
412 3149 428 3203 l.
444 3165 494 3204 333
496 3151 581 3216 )
600 3152 771 3218 semper(
727 3151 830 3214 (13
849 3150 901 3204 litt.
916 3148 1019 3217 occ.)t
1019 3164 1052 3201 ur
1072 3150 1124 3216 (sp.
1139 3151 1188 3204 12·

166 3217 183 3272 l.
203 3223 240 3287 o.)
261 3218 305 3272 nis
330 3235 397 3273 snae
415 3219 455 3286 L,
479 3236 564 3288 quam
586 3164 1023 3302 semperssssstnrsssnis
1047 3234 1114 3273 sune
1138 3220 1175 3289 N,

165 3305 233 3344 corr.
253 3290 284 3343 in
303 3306 388 3358 quem
407 3306 516 3359 semper
534 3289 713 3346 iudicaretur.
751 3290 800 3344 sed
819 3290 1039 3371 gubernationis
1051 3306 1118 3345 suae
1132 3291 1167 3345 N
1168 3294 1176 3324 ¹

164 3359 174 3432 33
193 3364 208 3413 6
223 3359 436 3430 gubernatmnrs
449 3363 511 3417 VM
513 3361 543 3431 0
562 3360 771 3432 dampnationis
783 3363 814 3430 Τ,
832 3362 879 3416 vel
890 3359 1104 3443 gubernationis
1120 3378 1141 3416 s.
1155 3363 1175 3417 l.

165 3432 229 3486 333
246 3432 353 3512 1113313
372 3431 468 3486 mirari
487 3404 894 3502 3333333333333333333,
912 3431 1010 3485 rimari
1027 3433 1118 3499 3333,Ι
1137 3451 1175 3488 33

164 3501 325 3582 indiguerit
350 3503 526 3572 1333313333
548 3506 557 3573 33
582 3509 614 3557 13
633 3521 667 3560 ex
688 3503 797 3586 publici
814 3521 854 3576 sp
869 3505 922 3560 43
941 3521 965 3559 o.
985 3502 1175 3576 1133331333

167 3578 204 3632 14
219 3576 249 3627 et
266 3571 344 3642 prius
363 3572 471 3628 cinctus
491 3591 539 3630 om.
559 3575 586 3629 L
599 3577 609 3644 33
623 3580 657 3629 24
676 3574 806 3647 scientia]
826 3576 907 3645 copia
926 3576 951 3628 Τ
963 3577 972 3644 l
