2628 4034
177 192 244 258 320
573 189 725 247 CARMEN
742 190 801 247 XV.

265 342 321 403 hoc
346 360 433 422 opus,
457 348 487 402 et
510 343 537 400 si
560 340 631 420 quid
656 348 802 423 superest,
826 340 904 419 quod
928 343 1051 401 numina
1074 344 1180 424 vestit,

197 444 247 492 146
267 433 417 509 virgineae
440 448 567 509 posuere
590 447 705 491 manus.
752 429 804 490 sed
828 431 859 490 in
883 431 999 508 agmine
1022 437 1086 490 toto

267 522 345 580 inter
368 519 528 598 Cecropias
550 518 810 598 Ephyreiadasque
833 517 947 598 puellas

268 608 412 669 Araneola
434 611 541 689 micat;
564 609 700 687 proprias
723 608 859 668 conferre
882 606 997 668 laborat

267 700 331 777 ipsa
354 697 485 758 Minerva
507 715 612 757 manus
636 695 818 775 calathisque
842 698 936 757 evicta
959 697 1119 778 recedens,

270 804 338 847 cum
361 793 443 847 tenet
465 785 538 846 haec
561 784 649 867 telas,
672 785 734 846 vult
755 785 830 846 haec
851 784 918 864 plus
942 783 1000 845 tela
1023 792 1137 846 tencre.

201 886 250 937 160
269 875 318 936 hic
342 876 433 954 igitur
455 876 557 954 proavi
579 873 697 935 trabeas
721 876 834 934 imitata
857 877 989 953 rigentes

267 963 424 1043 palmatam
446 971 531 1042 parat
553 965 618 1043 ipsa
640 965 731 1044 patri,
755 982 813 1042 qua
836 963 939 1024 consul
963 969 993 1024 et
1015 962 1096 1024 idem

267 1053 433 1132 Agricolam
457 1055 608 1132 contingat
630 1070 716 1112 avum
739 1052 902 1131 doceatque
925 1059 1050 1131 nepotes

268 1160 329 1202 non
351 1141 434 1202 abavi
454 1141 565 1222 solum,
589 1141 640 1201 sed
664 1143 711 1201 avi
735 1159 851 1220 quoque
875 1143 999 1220 iungere
1022 1141 1129 1202 fasces.

268 1237 404 1291 texuerat
426 1238 525 1291 tamen
549 1237 579 1290 et
602 1229 784 1312 chlamydes,
808 1228 917 1308 quihus
940 1229 989 1290 ille
1018 1232 1168 1310 magister

201 1331 250 1381 166
269 1338 324 1399 per
347 1319 531 1380 Tartesiacas
554 1326 732 1398 conspectus
756 1318 906 1397 splenduit
928 1318 1018 1380 urhes

270 1415 300 1469 et
323 1408 431 1487 quihus
454 1410 586 1487 ingestae
611 1408 665 1469 suh
689 1415 823 1487 tempore
846 1408 1049 1487 praefecturae

269 1499 447 1577 conspicuus
471 1505 587 1558 sanctas
610 1497 708 1557 reddit
731 1516 763 1557 se
786 1495 924 1576 praesule
946 1494 1035 1575 leges.

270 1593 397 1646 attamen
420 1588 452 1646 in
474 1586 576 1647 trahea
599 1593 751 1665 segmento
775 1585 886 1646 luserat
909 1585 981 1667 alto,

271 1674 350 1754 quod
372 1677 480 1754 priscis
504 1675 619 1737 illustre
642 1677 724 1736 toris.
770 1674 914 1735 Ithacesia
937 1677 1066 1753 primum

201 1776 250 1826 160
269 1763 367 1824 fabula
385 1763 572 1843 Dulichiique
596 1764 673 1824 lares
696 1764 861 1824 formantur
884 1770 914 1824 et
937 1765 1032 1843 ipsam

268 1852 445 1932 Penelopam
468 1853 567 1913 tardas
591 1855 666 1913 texit
689 1853 837 1913 distexere
862 1851 943 1913 telas.

269 1941 422 2002 Taenaron
445 1941 494 2002 hic
517 1942 626 2003 frustra
649 1941 696 2002 his
720 1949 804 2020 rapta
827 1943 952 2020 coniuge
974 1939 1072 2020 pulsat

270 2030 367 2090 Thrax
390 2030 512 2110 fidibus,
535 2030 630 2110 legem
652 2037 809 2110 postquam
832 2032 988 2091 temeravit
1009 2030 1137 2113 Averni,

269 2126 299 2179 et
322 2119 464 2198 prodesse
487 2125 595 2198 putans
619 2123 727 2180 iterum
750 2137 810 2179 non
834 2121 957 2198 respicit
980 2118 1128 2180 umhram.

200 2219 250 2269 165
268 2207 317 2268 hic
340 2214 425 2268 vovet
447 2207 563 2269 Alceste
586 2208 717 2287 praelato
741 2210 866 2287 coniuge
890 2209 980 2268 vitam

270 2314 422 2378 rumpere,
446 2315 533 2376 quam
553 2316 657 2358 cernas
680 2297 840 2358 Parcarum
862 2296 970 2357 vellere
994 2297 1025 2355 in
1048 2297 1116 2374 ipso

267 2385 399 2446 nondum
421 2395 574 2466 pernetam
599 2388 657 2447 fato
680 2393 811 2447 restante
835 2385 937 2447 salute.

271 2474 319 2535 hic
342 2493 401 2534 nox
423 2482 560 2536 natarum
582 2476 674 2536 Danai
697 2475 814 2536 lucebat
836 2477 867 2534 in
891 2492 979 2555 auro,

270 2565 482 2642 quinquaginta
506 2583 592 2625 enses
616 2567 732 2643 genitor
755 2563 863 2644 quihus
886 2565 995 2643 impius
1019 2570 1101 2642 aptat

202 2664 251 2713 170
270 2662 300 2713 et
323 2653 372 2713 dat
395 2654 571 2714 concordem
595 2653 743 2715 discordia
766 2655 846 2713 iussa
870 2652 1014 2733 lurorem3

270 2741 351 2802 solus
374 2741 601 2822 Hypermestrae
625 2749 759 2803 servatus
782 2759 906 2822 munere
930 2739 1064 2820 Lynceus

271 2831 387 2912 effugi13
411 2833 536 2910 aspicias
559 2831 641 2891 illam
664 2831 722 2892 sihi
744 2849 833 2910 parva
856 2837 1012 2909 paventem

273 2926 302 2979 et
325 2937 379 2998 pro
403 2920 526 2980 dimisso
550 2927 665 2981 tantum
687 2919 797 3000 pallere
821 2921 935 2979 marite.

272 3010 389 3087 iamque
413 3009 510 3069 lovem
534 3011 697 3070 informas
721 3016 828 3090 mutat,
852 3007 960 3087 quihus
984 3007 1033 3067 ille
1056 3015 1164 3071 tenere

254 3202 306 3250 144
324 3196 440 3250 numina
463 3198 660 3267 Wilam-oaoa'ta;
683 3197 798 3252 nomina
816 3198 893 3252 codd.
920 3200 924 3264 Ι
949 3196 1035 3252 vestit
1053 3196 1099 3251 vel
1119 3198 1200 3254 nesci

183 3267 231 3336 Gll
250 3273 298 3321 151
319 3267 408 3340 idem]
427 3267 489 3338 ipse
507 3271 586 3324 malit
604 3270 781 3340 Ineety'ohaco
803 3272 812 3339 Ι]
836 3275 886 3324 152
906 3268 1061 3337 coniungat
1080 3268 1140 3322 PT
1146 3271 1177 3325 F
1192 3271 1200 3340 ζῆ

184 3344 234 3394 168
253 3339 317 3406 fort.
337 3339 453 3394 trabeae
472 3339 649 3410 Iacetjohoaa
662 3343 738 3410 11161
759 3340 916 3410 penelopen
935 3340 961 3394 T
979 3341 988 3407 ΙΙ
1010 3346 1062 3394 166
1081 3341 1200 3412 vellere]

111 3455 115 3464 .
183 3409 304 3463 stamine
325 3411 351 3464 Τ
368 3413 442 3479 11167
463 3411 554 3465 salute
573 3413 722 3467 Buecheler
741 3413 787 3480 (ef.
804 3411 1049 3478 Otaac.111,157
1068 3411 1200 3479 quamvis

181 3479 332 3534 Parcarum
349 3484 492 3536 restarent
509 3481 580 3550 fila);
601 3483 721 3538 salutem
735 3484 811 3538 codd.
828 3487 978 3553 (pareeterea
994 3481 1054 3536 fate
1071 3482 1121 3552 O),·
1140 3483 1200 3537 fato

184 3552 347 3618 praestante
367 3551 486 3606 salutem
505 3553 584 3623 oalpo
598 3556 607 3622 ΙΙ
