2614 4030
331 221 500 322 smerdes
520 221 662 277 MONTIO
683 220 751 277 SUO
771 221 947 278 SALUTEM.
1105 223 1148 287 25

134 372 192 434 sibi
214 373 288 434 haec
311 372 399 433 vellet
421 373 454 432 in
476 371 536 432 illis
559 371 717 450 superbiae
744 373 867 452 nimiae,
894 373 1003 433 nimiae
1026 373 1059 432 in
1082 374 1148 433 istis

132 461 309 523 humilitatis
332 461 439 542 forma,
466 462 571 521 mirari
593 478 649 521 nec
671 460 750 521 ultro
772 469 872 522 tamen
896 479 999 522 causas
1022 463 1148 521 interro-

133 569 217 632 gare,
245 569 314 612 cum
337 549 516 610 subornatus
539 567 617 610 unus
641 568 657 610 e
679 549 767 610 turba
790 549 982 612 factiosorum
1010 551 1060 611 dat
1083 568 1148 611 sese

131 640 208 701 mibi
240 638 493 700 consalutandum.
542 646 607 700 tum
639 639 818 718 procedente
852 657 1004 700 sermone:
1039 635 1148 700 ‘cernis

131 725 220 790 bos‘?'
251 731 358 808 inquit.
404 735 434 788 et
457 745 525 807 egor
553 721 672 809 ‘video',
695 729 825 808 inquam,
849 722 1021 807 ‘gestusque
1045 747 1148 790 eorum
1177 746 1190 786 5

132 821 228 880 miror
251 817 389 898 equidem
411 834 468 877 nec
495 811 646 877 admiror?
692 816 729 877 ad
756 817 829 877 baec
856 824 960 877 noster
987 819 1149 896 interpres:

133 905 180 970 ‘ut
203 905 441 986 satirographum
463 900 514 986 te'‚
542 907 653 986 inquit,
681 901 743 966 ‘aut
766 912 960 967 exsecrantur
983 914 1034 967 aut
1055 907 1149 966 relor-

134 990 268 1057 midant?
315 992 427 1055 ‘undet
454 991 529 1055 cur?
561 989 713 1074 quando?’
740 994 897 1076 respondi3
928 990 1007 1073 ‘quis
1036 997 1149 1055 crimen

134 1081 275 1166 agnovit?
298 1086 364 1164 quis
388 1079 516 1145 detulit?
543 1086 611 1163 quis
633 1079 802 1163 probavit?
825 1101 953 1162 moxque
978 1083 1149 1145 subridens:
1249 1133 1252 1140 .

134 1169 260 1255 ‘perge’‚
283 1176 413 1254 inquam,
436 1169 552 1254 amice,
569 1174 629 1234 nisi
646 1172 806 1242 molestum
825 1180 879 1255 est,
900 1180 930 1233 et
947 1179 1150 1234 tumescentes
1164 1195 1191 1234 ιο

134 1266 255 1325 nomine
279 1281 344 1322 meo
368 1261 524 1322 consulere
548 1263 679 1342 dignare,
701 1269 872 1323 utrumnam
895 1261 945 1323 ille
964 1261 1077 1322 delator
1100 1269 1151 1323 aut

134 1353 234 1433 index,
259 1353 310 1431 qui
333 1353 454 1412 satiram
472 1369 520 1411 me
540 1352 697 1431 scripsisse
717 1351 868 1432 confinxit,
891 1358 921 1412 et
938 1352 1150 1431 perscripsisse

136 1442 326 1521 confinior-iq
348 1440 428 1501 unde
446 1441 522 1500 torte
542 1442 582 1516 sit
599 1441 702 1520 tutius,
721 1442 747 1499 si
765 1439 977 1522 retractabunt,
994 1447 1028 1501 ut
1047 1458 1150 1519 super-

136 1531 202 1592 bire
235 1525 402 1590 desistant?
447 1527 476 1591 9.
505 1529 585 1608 quod
616 1527 668 1590 ubi
699 1531 823 1589 nuntius
855 1529 982 1610 rettulit,
1013 1531 1150 1608 protinus

138 1621 240 1681 cuncti
262 1636 323 1679 non
344 1618 478 1679 modeste
507 1636 603 1697 neque
632 1617 741 1696 singuli
768 1617 821 1678 sed
844 1635 971 1697 propere
1000 1625 1030 1678 et
1057 1625 1151 1678 cater-
1166 1637 1192 1678 rs

137 1711 229 1769 vatim
262 1706 362 1768 oscula
394 1726 428 1768 ac
457 1707 596 1768 dexteras
632 1706 706 1766 mihi
738 1706 892 1767 dederunt
949 1705 1029 1767 solus
1062 1707 1151 1768 Curio

137 1816 237 1878 meus,
264 1799 296 1857 in
318 1797 538 1876 transfugarum
564 1795 719 1875 perfidiam
742 1797 890 1875 invectus,
918 1813 986 1855 cum
1013 1794 1152 1874 advespe-

137 1893 285 1967 rasceret,
321 1903 375 1964 per
407 1885 610 1946 cathedrarios
642 1902 743 1945 servos
775 1881 981 1963 vispillonibus
1012 1885 1152 1944 tetriores

139 1976 262 2037 domum
293 1981 396 2054 raptus
428 1993 462 2035 ac
494 1979 662 2054 reportatus
696 1980 749 2034 est.
806 1971 855 2035 10.
887 1972 1031 2053 postridie
1064 1974 1152 2033 iussit

136 2066 302 2145 Augustus,
333 2071 367 2124 ut
398 2063 486 2142 epulo
516 2081 570 2124 suo
603 2061 788 2124 circensibus
820 2061 898 2122 ludis
930 2063 1151 2122 interessemus
1166 2082 1192 2122 so

136 2156 254 2234 primus
277 2151 392 2213 iacebat
415 2170 509 2213 cornu
532 2154 654 2213 sinistro
674 2149 778 2212 consul
796 2151 964 2211 ordinarius
984 2150 1153 2232 Severinus‚

137 2245 184 2304 vir
207 2244 286 2303 inter
309 2243 445 2320 ingentes
467 2243 637 2320 principum
659 2247 759 2301 motus
782 2248 870 2319 atque
890 2240 1076 2319 inaequalem
1095 2242 1152 2301 rei·

139 2330 276 2411 publicae
291 2337 401 2391 statum
419 2332 530 2409 gratiae
546 2348 664 2410 semper
678 2328 823 2411 aequalis3
843 2331 925 2390 iuxta
939 2346 1008 2390 eum
1021 2329 1153 2410 Magnus,

142 2421 212 2481 olim
236 2419 454 2500 expraefecto,
481 2437 578 2499 nuper
601 2437 637 2479 ex
661 2418 795 2499 consule,
823 2436 877 2496 par
899 2417 1062 2479 bonoribus
1085 2436 1153 2496 per-

141 2528 214 2570 sona
237 2510 407 2590 geminatis,
435 2507 627 2569 recumbente
649 2514 718 2587 post
740 2525 771 2568 se
796 2506 931 2588 Camillo,
959 2506 1020 2567 lilio
1044 2507 1154 2586 fratris,
1168 2525 1193 2566 rc

140 2601 193 2678 qui
217 2596 331 2658 duabus
355 2596 549 2676 dignitatibus
572 2603 602 2656 et
625 2599 688 2676 ipse
712 2596 847 2656 decursis
867 2598 980 2675 pariter
999 2603 1155 2656 ornaverat

138 2684 381 2767 proconsulatum
411 2688 518 2766 patris,
550 2687 649 2765 patrui
679 2684 877 2765 consulatum3
909 2684 1055 2745 Paeonius
1084 2684 1154 2744 hine

139 2782 263 2856 propter
291 2782 378 2854 atque
405 2775 475 2835 binc
502 2775 660 2856 rubenius,
686 2775 775 2834 homo
802 2773 900 2834 litium
926 2780 1154 2852 temporumque

139 2863 333 2925 varietatibus
371 2866 559 2925 exercitatus.
612 2864 692 2924 huuc
730 2861 910 2942 sequebatur
942 2861 1154 2942 Gratianensls‚

140 2956 223 3014 omni
246 2952 282 3014 ab
309 2953 431 3013 iufamia
456 2955 503 3013 vir
525 2952 771 3032 sequestrandus,
798 2954 851 3030 qui
874 2951 1049 3011 Severinum
1077 2952 1155 3011 sicut
1168 2971 1194 3012 eo
1248 2975 1250 2978 ’

139 3043 253 3104 bonore
285 3040 428 3123 postibat‚
464 3044 505 3103 ita
541 3042 639 3102 lavore
676 3047 888 3121 praecesserat.
942 3039 1067 3099 ultimus
1099 3057 1154 3117 ego

214 3237 227 3285 1
247 3228 353 3284 nimiae
375 3228 480 3284 nimiae
498 3231 572 3300 LN,
596 3229 700 3284 nimiae
720 3229 779 3297 (alt.
798 3226 903 3282 nimiae
926 3230 989 3290 om.)
1013 3227 1076 3283 VM
1079 3226 1131 3283 OT
1145 3227 1156 3300 ll

45 3337 49 3342 -
142 3307 158 3356 3
174 3309 238 3372 post
256 3319 319 3357 eum
339 3303 387 3373 leq.
408 3300 501 3356 subito
520 3303 552 3356 iot
571 3303 596 3356 Τ
612 3305 621 3370 ΙΙ
641 3306 672 3353 11
694 3300 804 3354 delator
822 3299 871 3353 ille
892 3298 916 3354 G
935 3301 944 3368 ll
968 3303 1001 3352 12
1021 3298 1156 3353 confinxit

141 3374 172 3427 et
188 3371 386 3442 perscripsisse
400 3390 451 3428 cm.
468 3372 497 3441 0,
514 3375 546 3428 ire
558 3390 643 3444 marg.
660 3373 724 3427 add.
744 3372 786 3438 Vl
803 3369 939 3425 confinxit
956 3386 1023 3426 corr.
1043 3387 1077 3431 cr
1091 3386 1155 3424 con-

141 3443 226 3514 fingit
244 3445 284 3498 L¹
306 3447 315 3512 11
339 3449 373 3498 13
394 3442 540 3510 confixerit
559 3449 603 3515 (xe
622 3445 655 3498 iu
672 3459 725 3499 ros.
741 3443 780 3498 Μ
784 3441 851 3511 ²)M
865 3446 874 3510 ιΙ
893 3446 926 3496 16
946 3441 1060 3496 dextras
1079 3441 1158 3498 Ver

143 3516 153 3588 ll
172 3520 206 3570 18
220 3533 274 3586 pro
294 3531 388 3570 servos
403 3521 468 3585 post
485 3532 524 3585 sp.
540 3521 557 3570 5
577 3516 593 3570 l.
613 3533 637 3570 c.
656 3533 721 3570 rvos
740 3514 786 3584 ΕΙ
807 3530 841 3569 erc
859 3512 989 3568 tetriores
1007 3530 1047 3584 sp.
1063 3517 1079 3566 3
1098 3513 1116 3568 l.
1130 3529 1155 3568 c.

139 3589 229 3658 prior.
249 3588 262 3641 t
280 3603 330 3642 om.
350 3587 377 3641 L
390 3589 399 3658 ΙΙ
413 3592 446 3641 25
465 3585 561 3640 fratris
580 3585 639 3641 filio
662 3586 685 3641 Ο
694 3587 704 3657 ll
