2610 4056
172 187 236 254 190
525 186 635 242 ornus
652 185 828 273 ocrsvus

330 354 437 416 perges
462 339 504 396 sio
527 335 635 397 melius
658 336 774 397 volante
799 335 889 418 saltu,

331 428 358 486 si
379 427 504 505 vestigia
527 425 656 486 fasceata
678 425 752 486 nudi

328 533 383 594 per
407 532 555 575 summum
579 515 665 593 digiti
688 521 793 593 regant
816 516 914 576 citatis

273 614 306 664 lo
329 605 408 664 firmi
432 602 617 682 ingressibus
641 609 728 682 atque
751 602 938 665 vinculorum

329 691 576 753 concurrentibus
600 691 713 753 ansulis
735 692 845 754 reflexa

328 783 364 843 ad
388 800 457 843 crus
480 799 535 860 per
557 799 704 842 cameram
728 788 831 842 catena
854 789 964 861 surgat.

327 870 384 931 boo
407 873 513 950 pernix
535 869 638 931 habitu
661 888 761 931 meum
784 877 933 931 memento

329 958 480 1038 Orpheum
503 960 614 1039 visere,
638 961 690 1038 qui
713 959 861 1020 cotidiana

271 1061 305 1110 2ο
329 1067 399 1109 saxa
421 1056 451 1109 et
474 1047 582 1108 robora
603 1065 787 1127 corneasque
811 1047 901 1108 libras

327 1137 422 1197 mollit
445 1136 613 1216 dulciloqua
636 1155 763 1198 canorus
787 1144 866 1218 arte3

326 1227 452 1307 Arpinas
475 1226 563 1286 modo
587 1244 675 1305 quem
698 1233 818 1287 tonante
841 1225 942 1305 lingua

328 1315 414 1396 ditat,
438 1333 518 1376 nuno
541 1314 628 1376 stilus
651 1323 701 1376 aut
723 1314 914 1376 Maronianus

328 1411 378 1464 aut
402 1423 460 1484 quo
483 1410 517 1465 tu
539 1403 656 1466 Latium
678 1404 763 1484 beaS,
786 1404 901 1485 Horati,

272 1504 306 1554 26
329 1493 435 1554 Alcaeo
458 1493 564 1553 melior
587 1493 705 1572 lyristes
728 1496 808 1573 ipso,

325 1589 355 1643 et
377 1600 456 1643 nunc
480 1581 563 1643 indat
585 1600 657 1662 epos
680 1582 915 1663 tragoediarum,

325 1690 404 1733 nuuc
428 1671 580 1732 comoedia
602 1678 748 1751 temperat
771 1674 884 1752 iocosa,

324 1779 403 1822 nunc
426 1760 576 1821 flammant
600 1763 706 1820 satirae
730 1767 760 1820 et
782 1761 1003 1840 tyrannicarum

325 1849 498 1910 declamatio
523 1851 802 1910 controversiarum.

267 1950 302 2000 30
325 1938 388 1999 dic:
417 1933 569 1999 ‘Phoebus
592 1940 673 1998 venit
696 1945 782 2017 atque
806 1943 874 2017 post
895 1937 1036 1998 veraedos

322 2029 414 2088 remis
436 2026 594 2087 velivolum
618 2029 712 2106 quatit
734 2026 918 2108 Garunnam3

325 2133 464 2178 occurras
487 2115 582 2196 iubet,
605 2123 673 2176 ante
697 2116 749 2176 sed
772 2122 874 2196 parato

324 2211 454 2266 actutum
477 2202 627 2284 bospitio?
673 2204 869 2286 Leontioque,

325 2296 424 2374 priseo
448 2292 530 2354 Livia
553 2312 642 2372 quem
666 2294 715 2355 dat
738 2313 754 2355 e
778 2302 896 2374 senatu,

266 2394 301 2443 35
324 2383 385 2443 dic:
414 2377 488 2443 ‘iam
511 2401 590 2443 nunc
614 2380 730 2444 aderit'
772 2385 843 2444 satis
867 2383 995 2443 facetum
1017 2390 1047 2444 et

324 2472 387 2533 solo
410 2473 530 2532 nomine
553 2471 709 2534 Rusticum
732 2473 838 2533 videto.
935 2543 941 2556 ¹

324 2562 376 2622 sed
401 2563 427 2621 si
448 2568 527 2621 tecta
549 2568 658 2640 negant
680 2570 713 2622 ut
736 2569 890 2642 occupata,

322 2669 413 2730 perge
438 2650 473 2710 ad
495 2649 598 2711 limina
620 2669 690 2711 mox
713 2652 935 2730 episcoporum,

323 2741 418 2802 sancti
441 2745 471 2799 et
494 2738 631 2800 Gallicini
653 2758 743 2800 manu
767 2737 897 2799 osculata

265 2841 299 2891 40
322 2831 394 2890 tecti
416 2846 505 2907 posce
529 2828 629 2888 brevis
652 2830 848 2909 vacationem,

322 2936 373 2998 ne,
397 2919 423 2977 si
446 2917 591 2978 destituor
615 2916 701 2978 domo
725 2924 842 2997 negata,

322 3024 459 3067 maerens
483 3006 519 3066 ad
541 3006 674 3067 madidas
697 3024 762 3067 eam
785 3005 923 3066 tabernas

322 3103 352 3156 et
375 3094 515 3155 claudens
538 3097 671 3174 geminas
695 3095 819 3156 subinde
843 3113 930 3155 nares

322 3190 445 3264 propter
467 3184 612 3245 lumilicas
636 3203 751 3263 gemam
775 3183 900 3265 cubum,

233 3357 258 3394 v.
274 3343 306 3392 12
325 3337 419 3408 pergis
438 3338 465 3392 L
487 3341 496 3409 l
521 3357 544 3392 v.
560 3342 593 3392 19
612 3337 756 3393 cotidiano
774 3337 973 3407 Iacetjolvonnn
990 3355 1017 3391 v.
1031 3341 1065 3390 22
1084 3353 1171 3405 quem

162 3410 220 3464 Μ’
236 3417 262 3465 et
280 3414 360 3479 (corr.
379 3416 411 3464 ot
428 3428 452 3465 o.
472 3427 505 3464 ecc
523 3426 608 3477 quem
626 3409 731 3477 N¹)N‚
753 3426 838 3478 quam
857 3413 938 3477 (corr.
957 3424 991 3463 ec
1013 3423 1097 3475 quem
1121 3409 1171 3476 1⁷¹)

168 3481 260 3535 VMO
270 3483 280 3551 l}
293 3499 338 3536 vv.
353 3485 388 3534 24
406 3483 435 3534 ol
454 3485 487 3534 25
505 3497 556 3536 om.
571 3480 598 3534 L
611 3484 620 3550 l
634 3499 659 3536 v.
674 3485 709 3534 24
727 3481 815 3534 beans
834 3481 890 3535 Leo
903 3481 913 3548 l
926 3498 951 3534 v.
967 3482 1001 3532 25
1019 3477 1121 3548 lyrista
1141 3496 1171 3534 os

164 3551 220 3607 Leo
233 3553 243 3620 l
256 3569 283 3607 v.
298 3557 332 3606 26
350 3550 499 3620 tragoedia
517 3555 610 3606 atrum
633 3552 816 3608 Wilamowita
830 3554 839 3620 l
