2636 4032
195 210 259 274 110
473 210 496 248 Γ
552 208 661 262 LIBER
679 209 846 276 QUINTUS.

193 359 382 440 complector,
405 361 635 419 maestissimum
659 361 766 420 inveni.
813 360 865 437 qui
890 376 1069 437 quamquam
1092 361 1221 419 recenti

194 447 338 509 caelibatu
351 441 508 527 'granditer
526 446 718 529 afficiebatur,
741 467 795 527 pro
815 455 844 508 te
863 454 962 509 tamen
981 465 1086 527 parum
1106 449 1217 508 minus

194 539 298 598 anxius
328 544 403 618 erat,
435 536 557 597 timebat
590 539 669 597 enim
698 536 928 618 verebaturque,
960 554 998 595 ne
1031 554 1119 614 quam
1150 535 1217 597 tibi

193 625 368 687 calumniam
392 626 479 686 turbo
502 624 674 687 barbaricus
698 633 748 687 aut
771 625 908 686 militaris
936 626 1128 686 concinnaret
1151 627 1215 685 im-

166 715 333 794 sprobitas.
370 713 399 776 2.
418 733 545 794 namque
560 715 715 776 confirmat
727 716 869 794 magistro
884 713 1014 774 militum
1028 713 1214 795 chilperico,

192 805 436 864 victoriosissimo
460 805 533 885 viro,
561 803 656 864 relatu
678 811 822 864 venenato
847 805 1055 883 quorumpiam
1079 804 1213 864 scelera·
1307 795 1315 854 l

192 901 290 954 torum
318 892 410 978 luisse
438 899 553 953 secreto
580 894 800 954 insusurratum
827 899 878 952 tuo
905 893 1064 972 praecipue
1093 892 1212 952 machi-

191 989 263 1042 natu
286 981 427 1060 oppidum
445 980 625 1042 Vasionense
644 981 779 1060 partibus
802 983 872 1041 nori
888 983 1033 1061 principis
1053 980 1211 1061 applicari.

192 1073 218 1131 si
239 1071 310 1150 quid
329 1071 397 1131 hinc
417 1070 472 1131 tibi
490 1072 609 1149 tuisque
630 1072 807 1149 suspicionis
826 1072 979 1150 incutitur,
1002 1072 1110 1148 raptim
1129 1069 1208 1130 doce

153 1178 178 1218 10
191 1177 316 1220 recursu
339 1158 527 1219 familiarium
550 1161 733 1240 paginarum,
756 1177 793 1218 ne
816 1157 900 1218 vobis
924 1157 1134 1218 sollicitudinis
1154 1167 1209 1219 aut

190 1250 376 1327 praesentiae
400 1266 482 1308 meae
507 1249 691 1327 oportunitas
713 1254 824 1327 pereat.
867 1265 954 1308 curae
978 1246 1052 1307 mihi
1074 1247 1208 1326 peculia-

192 1338 266 1397 riter
284 1339 350 1418 erit,
374 1338 400 1395 si
419 1336 490 1415 quid
509 1344 608 1397 tamen
628 1337 790 1398 cavendum
809 1335 1001 1418 existimabis
1019 1342 1096 1396 utto
1116 1336 1209 1396 faciat

192 1433 242 1486 aut
265 1427 358 1504 gratia
381 1427 537 1504 impetrata
561 1444 699 1486 securum
723 1433 773 1486 aut
794 1424 944 1504 explorata
963 1424 1116 1485 iracundia
1136 1443 1207 1485 cau-

191 1516 306 1574 tiorem.
353 1513 425 1574 vale.

659 1704 732 1770 VII.

152 1837 177 1877 1⁵
348 1827 517 1883 sinemus
535 1793 758 1882 rmouusro
779 1826 847 1882 suo
867 1825 1044 1881 susurru.

258 1938 286 2002 1.
309 1940 514 2020 Indagavimus
537 1940 666 2022 tandem,
689 1942 740 2018 qui
764 1940 841 2019 apud
864 1939 1043 2001 tetrarcham
1066 1947 1205 2000 nostrum

190 2033 323 2108 germani
346 2033 391 2090 tui
414 2037 444 2090 et
467 2049 483 2090 e
506 2029 623 2090 diverso
646 2030 774 2108 partium
797 2030 866 2089 novi
889 2031 1034 2108 principis
1058 2030 1205 2089 amicitias
1313 2023 1315 2048 ¹

190 2121 432 2198 criminarentur,
461 2121 487 2179 si
509 2125 608 2179 tamen
631 2117 719 2178 fidam
743 2117 888 2178 sodalium
911 2119 1100 2196 sagacitatem
1123 2116 1204 2178 clan—
1314 2109 1315 2132 ³

190 2207 305 2268 destina
328 2206 493 2268 delatorum
516 2225 576 2267 non
595 2205 726 2267 fefellere
744 2208 876 2286 vestigia.
912 2206 945 2266 hi
963 2207 1104 2267 nimirum
1124 2214 1205 2287 sunt,

149 2318 175 2358 ao
191 2302 223 2356 ut
246 2296 325 2357 idem
349 2314 448 2356 coram
470 2298 586 2375 positus
607 2295 726 2377 audisti,
750 2314 824 2374 quos
843 2313 875 2356 se
894 2295 1066 2356 iamdudum
1084 2297 1203 2374 perpeti

189 2387 268 2445 inter
296 2384 502 2446 clementiores
530 2384 671 2446 barbaros
695 2384 788 2445 Gallia
811 2387 910 2462 gemit.
956 2384 988 2444 hi
1016 2391 1098 2464 sunt,
1126 2401 1202 2461 quos

188 2475 294 2534 timent
322 2475 410 2534 etiam
439 2475 491 2553 qui
516 2475 667 2534 timentur.
713 2472 745 2534 hi
773 2480 855 2554 sunt,
886 2491 961 2552 quos
988 2473 1061 2533 haec
1088 2470 1201 2551 peculi-

189 2565 279 2623 ariter
300 2565 452 2643 provincia
470 2570 578 2642 manet,
602 2562 713 2623 inferre
732 2561 894 2623 calumnias
913 2561 1030 2622 deferre
1048 2579 1202 2642 personas,

188 2652 293 2712 afferre
326 2653 421 2712 minas
454 2651 571 2712 auferre
605 2651 794 2712 substantias.
840 2649 870 2712 2.
893 2650 925 2710 hi
958 2658 1040 2731 sunt,
1073 2667 1200 2729 quorum

148 2759 174 2802 rs
189 2740 302 2802 laudari
325 2740 409 2802 audis
432 2742 464 2800 in
488 2743 548 2800 otio
572 2742 780 2819 occupationes
803 2741 835 2800 in
862 2757 934 2819 pace
957 2739 1095 2820 praedas,
1123 2740 1202 2798 iuter

188 2848 268 2890 arma
292 2830 375 2909 fugas
399 2831 478 2890 inter
501 2831 567 2889 rina
595 2831 742 2890 victorias.
778 2829 810 2888 hi
834 2834 912 2908 sunt,
937 2830 988 2906 qui
1011 2846 1114 2888 causas
1137 2845 1200 2886 mo-

187 2927 291 3002 rantur
314 2918 438 2979 adhibiti
461 2919 627 2998 impediunt
649 2919 862 2998 praetermissi,
884 2916 1039 2977 fastidiunt
1058 2916 1201 2976 admoniti

188 3007 404 3069 obliviscuntur
431 3007 610 3087 locupletati.
656 3007 687 3067 hi
715 3014 792 3088 sunt,
825 3007 877 3085 qui
905 3012 1007 3066 emunt
1033 3005 1102 3065 lites
1130 3023 1199 3065 ven-

187 3097 262 3158 dunt
288 3099 532 3178 intercessiones,
565 3097 708 3175 deputant
739 3095 867 3156 arbitros
899 3094 1055 3155 iudicanda
1088 3094 1198 3154 dictant

147 3208 174 3248 ao
188 3186 296 3247 dictata
320 3184 496 3264 convellunt,
519 3186 677 3247 adtrahunt
696 3185 862 3264 litigaturos
880 3183 1058 3263 protrahunt
1076 3182 1197 3243 audien-

188 3275 250 3356 dos,
270 3275 393 3335 trahunt
411 3273 543 3335 addictos
562 3274 717 3335 retrahunt
734 3275 940 3351 transigentes.
976 3272 1008 3332 hi
1028 3279 1106 3353 sunt,
1125 3289 1197 3351 quos

260 3506 274 3553 t
293 3497 445 3568 praecipuo
470 3504 549 3566 (corr.
573 3500 605 3553 io
627 3496 776 3566 praecipue
795 3497 926 3564 M²)MT
946 3499 957 3567 ll
979 3501 995 3550 8
1017 3495 1196 3550 vascioneme

187 3569 225 3624 M
229 3569 253 3624 0
262 3571 273 3639 ΙΙ
288 3574 320 3622 18
339 3568 375 3639 si]
391 3569 439 3623 sed
456 3570 498 3640 Ol
512 3575 545 3623 21
565 3567 654 3637 gallia
666 3568 801 3624 barbaros
818 3568 861 3639 0ss
874 3573 908 3622 23
927 3567 1033 3638 manet]
1047 3569 1136 3621 meret
1150 3567 1195 3637 ΤΙΙ
