2660 4030
566 232 675 287 LIBER
693 231 838 288 SEXTUS.

677 446 734 513 ΠΙ.

285 569 452 628 SIDONIUS
470 569 615 624 DOMINO
634 569 752 624 PAPAE
771 568 930 625 LEONTIO
950 569 1127 628 SALUTEM.

268 682 295 746 1.
318 683 383 746 Etsi
405 682 495 745 nullis
512 682 679 744 hortatibus
697 683 860 762 primordia
878 690 997 744 nostrae
1016 684 1222 763 professionis
1302 719 1303 782 ,

199 776 336 835 animans
363 791 460 852 neque
489 773 571 833 sitim
592 773 776 850 ignorantiae
801 772 944 833 haetenus
968 773 1129 834 saecularis
1153 774 1221 835 ullo
1302 785 1303 804 ³

200 881 345 943 supernae
372 863 475 941 rIgatis
503 860 598 922 imbre
622 861 788 941 doctrinae,
814 879 875 922 non
898 879 952 940 ego
975 869 1073 922 tamur
1096 868 1219 925 tantum

171 955 258 1014 emei
285 941 451 1012 meminens
478 967 538 1011 non
567 968 645 1030 sum,
672 956 706 1011 ut
729 968 745 1010 a
767 952 843 1011 meis
866 969 1053 1031 praesumam
1075 951 1220 1030 partibus

199 1040 314 1120 aequali
337 1041 503 1101 ciliciorum
526 1038 608 1099 lance
632 1038 813 1099 certandum.
846 1058 914 1099 nam
938 1058 1006 1101 cum
1028 1047 1133 1101 nostra
1151 1059 1219 1103 me-

198 1131 339 1191 diocritas
367 1135 460 1189 aetate
488 1129 579 1209 vltae,
607 1135 741 1207 tempore
769 1128 935 1209 dignitatis,
962 1128 1117 1209 priviIegio
1144 1129 1219 1212 locI,

197 1219 284 1280 laude
312 1219 467 1298 scientiae,
494 1217 571 1276 dono
600 1219 798 1278 conscientiae
822 1224 936 1277 vestrae
960 1217 1045 1278 facile
1068 1220 1219 1301 vincatur,

198 1306 312 1369 nullum
335 1324 494 1386 meremur,
518 1307 544 1366 si
566 1324 620 1384 par
643 1312 831 1385 expectamus
855 1305 1024 1386 alloquium.
1067 1305 1096 1369 2.
1119 1309 1219 1387 igitur

159 1414 259 1458 acuon
277 1399 448 1456 incusantes
467 1393 618 1456 silentium
635 1402 767 1455 vestrum
781 1396 834 1456 sed
852 1394 1060 1474 loquacitatem
1078 1403 1217 1457 nostram

198 1487 298 1565 potius
321 1502 462 1545 excusare
480 1486 611 1545 nitentes
630 1485 871 1545 commendamus
890 1486 1007 1564 apicum
1025 1488 1218 1569 portitorem,

199 1577 284 1636 cuius
308 1575 334 1634 si
356 1574 625 1654 peregrinationem
648 1580 785 1653 prompto
808 1574 906 1633 lavore
930 1574 1066 1655 loreatIs,
1090 1575 1216 1653 grandis

198 1663 364 1725 actionibus
383 1661 463 1723 illius
482 1669 586 1742 portus
606 1664 775 1723 securitatis
794 1665 934 1742 aperItur.
969 1665 1122 1741 negotium
1140 1664 1216 1726 huic

197 1753 450 1814 testamentarium
482 1759 535 1811 est.
581 1749 672 1811 latent
695 1769 763 1811 eum
785 1753 974 1831 propriarum
996 1754 1102 1812 merita
1125 1752 1215 1814 char·
1302 1759 1303 1770 ¹

159 1862 186 1902 ro
198 1849 308 1904 tarum:
332 1847 499 1919 togatorum
522 1838 583 1899 illic
601 1849 793 1918 perorantum
812 1843 950 1920 peritiam
969 1840 1124 1902 consulere
1142 1861 1215 1921 per-

197 1933 287 2011 rexit,
319 1947 374 2009 pro
401 1931 525 1989 victoria
555 1935 791 2010 computaturus,
824 1931 851 1990 si
878 1948 909 1989 se
938 1929 1117 1991 intellexerit
1143 1933 1216 1992 iure
1302 1979 1303 1999 ,

198 2021 349 2101 superari,
379 2017 467 2078 modo
495 2035 532 2077 ne
561 2015 619 2076 sibi
646 2019 767 2096 suisque
796 2018 926 2079 desidiae
954 2021 1025 2079 vltio
1052 2036 1214 2099 perperam

198 2111 310 2169 cavisse
334 2105 478 2186 culpetur.
509 2105 588 2166 hunc
612 2112 734 2167 eatenus
753 2107 958 2168 commendare
978 2126 1145 2190 praesumo,
1169 2116 1214 2190 ut,

198 2199 225 2257 si
239 2215 307 2257 eum
320 2198 470 2255 instruere
487 2195 643 2273 dignanter
656 2195 806 2256 advocatio
822 2196 956 2257 consulta
970 2197 1091 2277 fastidit,
1110 2205 1215 2258 aucto-

156 2308 184 2348 πο
197 2288 270 2346 ritas
290 2302 415 2346 coronae
429 2290 497 2344 tuae
512 2283 767 2345 dissimulantibus
783 2285 898 2347 studeat
912 2286 1058 2347 excudere
1072 2290 1214 2367 responsi

198 2373 388 2435 celerilatem.
424 2390 539 2433 mernor
553 2375 656 2462 ¹nostri
680 2392 746 2435 esse
769 2375 905 2456 dignare,
928 2375 1047 2435 domiue
1070 2393 1155 2456 papa.

675 2600 732 2666 IV.

313 2721 482 2777 SIDONIUS
500 2721 645 2778 DOMINO
665 2720 783 2776 PAPAE
802 2721 896 2776 LUPO
916 2721 1092 2778 SALUTEM.

264 2834 292 2896 1.
325 2835 446 2897 Praeter
478 2835 622 2917 officium,
655 2835 733 2915 quod
765 2835 1037 2917 incomparahIIiter
1067 2838 1212 2899 emiuenti

197 2925 374 3004 apostolatui
392 2932 443 2985 tuo
464 2926 527 2986 siue
547 2926 605 2986 fine
625 2925 759 3006 debetur,
783 2927 839 2985 etsi
857 2924 968 3004 absque
987 2927 1211 2988 Intermissioue
1299 2960 1300 2980 r

156 3032 182 3074 aa
196 3014 335 3096 solvatur,
354 3015 527 3075 commendo
547 3014 713 3094 suppilcum
732 3013 898 3075 baiulorum
917 3032 971 3093 pro
990 3032 1064 3075 nova
1078 3018 1210 3076 necessi-

196 3104 299 3164 tudine
327 3109 472 3165 vetustam
495 3106 717 3184 necessitatem,
744 3105 849 3182 quiin
872 3103 1031 3164 Arvernam
1056 3106 1210 3182 regionem
1298 3173 1299 3196 ,

196 3192 316 3272 longum
339 3195 410 3273 Iter,
432 3192 480 3252 his
504 3195 613 3273 quippe
636 3193 835 3274 temporibus,
862 3195 976 3253 emensi
999 3211 1083 3254 casso
1107 3192 1211 3254 labore

268 3387 300 3435 11
320 3381 576 3435 commendavimus
597 3382 639 3452 Ol
655 3387 688 3435 16
707 3398 768 3436 sese
784 3381 873 3452 01117
893 3380 964 3437 vitio
983 3399 1033 3437 om.
1051 3380 1141 3450 01125
1160 3399 1209 3436 ne-

197 3451 367 3506 cessitudine
391 3454 533 3507 vetustam
556 3452 755 3507 necessitatem
774 3454 813 3522 L,
840 3453 1048 3508 necessitudine
1073 3455 1153 3521 (corr.
1177 3457 1212 3509 ἐπ

196 3522 366 3577 necessitate
385 3523 418 3577 N
420 3524 440 3588 ¹)
457 3526 600 3577 vetustam
618 3523 856 3578 necessitudinem
870 3525 907 3594 N,
926 3524 1095 3579 necessitate
1113 3525 1211 3578 vetus-

199 3596 259 3649 tam
277 3592 515 3647 necessitudinem
535 3595 588 3650 TU
603 3602 628 3650 et
645 3597 677 3650 io
694 3612 748 3651 roo.
763 3596 809 3651 Μ1
823 3599 832 3666 ΙΙ
