2610 4056
533 215 685 272 chunuti
703 217 737 271 Π.
1076 217 1141 282 243

215 366 337 425 Paeonii
360 367 472 426 iactans
490 361 650 444 Epidauria
674 367 758 445 signa
781 366 927 428 draconis.

216 453 326 515 multos
350 455 509 516 cinxerunt
530 454 644 533 aquilae
669 455 859 534 subitumque
882 475 936 535 per
960 453 1063 518 orbem

216 543 287 604 lusit
309 549 449 604 venturas
472 543 640 604 famulatrix
663 562 761 623 penna
784 561 917 605 coronas.

215 639 261 692 ast
283 632 376 712 hunc,
399 634 512 712 egregii
534 651 689 715 proceres,
713 633 750 693 ad
773 639 891 712 sceptra
912 636 1012 694 vocari

145 732 195 781 100
215 723 275 782 iam
297 728 362 781 tum
379 738 468 781 nosse
492 721 591 782 datum
611 729 669 802 est,
693 721 804 782 laribus
824 740 892 783 cum
910 723 987 783 forte
1005 726 1139 803 paternis

214 809 338 889 protulit
361 811 478 870 excisus
502 812 561 870 iam
584 828 645 870 non
669 829 722 871 sua
744 813 878 890 germina
901 811 1022 890 palmes.

214 900 334 978 imperii
356 916 408 958 ver
431 898 503 959 illud
528 905 604 981 erat,
627 898 682 960 sub
706 901 834 978 imagine
858 900 971 961 frondis

214 987 317 1049 dextra
340 1005 395 1066 per
418 994 551 1048 arentem
574 987 720 1048 florebant
743 989 842 1049 omina
864 991 985 1068 virgam.

214 1083 244 1136 at
265 1083 423 1156 postquam
444 1078 557 1156 primos
580 1077 678 1138 iulans
702 1084 839 1156 exegerat
862 1095 968 1160 annoS,

143 1175 194 1226 135
214 1164 349 1244 reptabat
372 1183 462 1244 super
485 1184 569 1226 arma
591 1168 697 1247 patris,
721 1185 869 1245 quamque
892 1174 955 1228 arta
978 1167 1093 1229 terebat

213 1253 352 1314 lammina
375 1256 520 1315 cervicem
544 1257 660 1333 gemina
683 1255 855 1334 complexus
878 1255 914 1316 ab
938 1256 1007 1319 ulna

214 1342 303 1403 livida
325 1343 430 1404 laxatis
453 1342 582 1404 intrabat
605 1343 641 1404 ad
668 1343 768 1404 oscula
792 1346 900 1405 cristis.

213 1431 301 1493 ludus
324 1439 389 1492 erat
410 1449 503 1511 puero
527 1439 627 1512 raptas
650 1451 687 1493 11
710 1432 795 1494 hoste
820 1435 941 1512 sagittas

213 1521 320 1582 festina
343 1527 471 1582 tractare
492 1539 583 1582 manu
606 1529 766 1600 captosque
790 1540 844 1601 per
867 1541 954 1584 arcus

90 1601 92 1605 ’
142 1609 287 1671 14011111
310 1609 490 1671 reluctantes
513 1612 545 1670 in
569 1627 680 1671 cornua
702 1611 824 1671 trudere
846 1629 968 1692 nervos,

212 1717 291 1760 nunc
314 1699 474 1760 tremulum
497 1705 601 1759 tenero
624 1699 753 1761 iaculum
776 1707 916 1778 torquere
939 1699 1050 1762 lacerto

212 1790 303 1866 inque
326 1788 479 1849 frementis
503 1790 573 1867 equi
595 1788 717 1849 dorsum
740 1807 809 1850 cum
831 1789 962 1868 pondere
986 1792 1066 1851 conti

210 1877 330 1937 indutas
353 1876 514 1956 Chalybum
538 1876 613 1938 saltu
637 1877 800 1939 transferre
824 1884 955 1958 catenas,

211 1968 346 2026 inventas
370 1968 480 2044 agitare
504 1966 582 2026 feras
606 1973 635 2026 et
658 1966 763 2027 fronde
787 1965 912 2027 latentes

142 2065 192 2116 145
213 2072 370 2134 quaerere,
393 2054 554 2133 deprensas
577 2054 673 2116 modo
688 2055 826 2116 claudere
850 2053 984 2116 cassibus
1008 2057 1094 2138 artie,

213 2161 292 2204 nunc
314 2150 393 2203 torto
415 2149 572 2221 penetrare
596 2163 682 2205 veru:
705 2151 769 2206 tum
793 2162 880 2223 saepe
904 2144 1019 2222 fragore

211 2232 325 2293 laudari
349 2233 506 2312 comitum,
528 2231 669 2293 frendens
693 2252 760 2294 cum
782 2233 870 2293 belua
892 2233 1006 2301 ferrum

210 2321 303 2382 ferret
325 2327 355 2380 et
378 2323 503 2380 intratos
526 2323 643 2381 exirent
665 2340 746 2382 arma
768 2340 824 2401 per
846 2339 953 2382 armos.

210 2409 303 2470 conde
326 2407 545 2490 Pelethronios,
569 2408 666 2470 alacer
688 2429 763 2489 puer
786 2417 816 2470 et
837 2417 960 2471 venator
967 2457 976 2492 ,

139 2511 189 2560 150
208 2498 349 2578 Aeacida,
372 2497 487 2578 titulos,
513 2516 689 2577 quamquam
713 2498 846 2559 subiecta
868 2501 1004 2578 magistri

208 2593 291 2667 terga
313 2605 454 2666 premens
478 2594 508 2647 et
531 2586 568 2647 oh
591 2586 648 2648 hoc
672 2605 796 2648 securus
815 2586 909 2647 lustra
931 2605 1090 2666 pererrans

208 2683 240 2737 tu
263 2679 364 2755 potius
386 2678 535 2755 regereris
559 2694 644 2754 equo.
690 2693 750 2736 non
772 2677 908 2754 principe
931 2683 1034 2736 nostro

208 2764 322 2844 spicula
344 2764 453 2826 direxit
476 2764 582 2826 melius
605 2764 736 2844 Pythona
760 2772 933 2843 superstans

207 2853 318 2934 Paean,
342 2872 409 2914 cum
433 2872 523 2914 vacua
546 2853 683 2914 turbatus
706 2871 799 2933 paene
823 2853 961 2932 pharetra

138 2954 189 3004 155
209 2943 314 3020 figeret
336 2945 503 3003 innumeris
527 2960 686 3004 numerosa
708 2941 858 3003 volumina
880 2941 957 3002 telis.

252 3030 314 3092 Neo
337 3033 436 3092 minus
459 3031 532 3092 haec
556 3033 635 3092 inter
657 3038 773 3092 veteres
796 3031 900 3092 audire
924 3030 1087 3110 sophistas:

207 3119 307 3181 Mileto
332 3120 410 3199 quod
435 3128 516 3182 crete
539 3119 647 3182 Thales
670 3120 838 3181 vadimonia
861 3119 976 3201 culpas;

206 3207 313 3271 Lindie
337 3209 416 3288 quod
440 3207 581 3270 Cleobule
605 3211 686 3270 canis
711 3205 828 3270 ‘modus
852 3211 981 3288 optimus
1004 3203 1095 3291 esto'3

209 3316 245 3358 ex
268 3296 356 3378 Elyra
379 3305 474 3359 totum
497 3298 651 3359 meditaris
675 3298 753 3377 quod
776 3296 951 3379 Periander,

91 3507 94 3512 ’
188 3509 239 3558 135
258 3521 428 3574 quamquem
450 3505 482 3560 F
507 3507 516 3574 ΙΙ
543 3504 712 3560 1401111111
735 3506 781 3575 M,
807 3505 922 3561 tendere
944 3505 1092 3560 Buecheler
1118 3507 1127 3575 ΙΙ

115 3579 168 3628 144
186 3574 299 3648 fronde]
318 3576 391 3632 forle
410 3575 448 3630 M
456 3580 466 3648 l}
480 3581 531 3632 156
550 3575 641 3631 minor
661 3577 769 3632 TPlF
780 3581 789 3648 ss

861 3667 916 3720 16*
