<?xml version="1.0" encoding="UTF-8"?>
<!DOCTYPE html PUBLIC "-//W3C//DTD XHTML 1.0 Transitional//EN"
    "http://www.w3.org/TR/xhtml1/DTD/xhtml1-transitional.dtd">
<html xmlns="http://www.w3.org/1999/xhtml" xml:lang="en" lang="en">
 <head>
  <title>
</title>
<meta http-equiv="Content-Type" content="text/html;charset=utf-8" />
  <meta name='ocr-system' content='tesseract 3.04.00' />
  <meta name='ocr-capabilities' content='ocr_page ocr_carea ocr_par ocr_line ocrx_word'/>
</head>
<body>
  <div class='ocr_page' id='page_1' title='image "./csolliusapollin01apolgoog_0133.png"; bbox 0 0 2636 4032; ppageno 0'>
   <div class='ocr_carea' id='block_1_1' title="bbox 206 181 860 249">
    <p class='ocr_par' dir='ltr' id='par_1_1' title="bbox 206 181 860 249">
     <span class='ocr_line' id='line_1_1' title="bbox 206 181 860 249; baseline 0.005 -15"><span class='ocrx_word' id='word_1_1' title='bbox 206 181 246 249; x_wconf 72' lang='lat' dir='ltr'>vg</span> <span class='ocrx_word' id='word_1_2' title='bbox 557 181 666 236; x_wconf 78' lang='lat' dir='ltr'>uranu</span> <span class='ocrx_word' id='word_1_3' title='bbox 684 181 860 249; x_wconf 72' lang='lat' dir='ltr'>poturus.</span> 
     </span>
    </p>
   </div>
   <div class='ocr_carea' id='block_1_2' title="bbox 68 333 1227 2998">
    <p class='ocr_par' dir='ltr' id='par_1_2' title="bbox 68 333 1227 2998">
     <span class='ocr_line' id='line_1_2' title="bbox 205 333 1227 412; baseline 0 -18"><span class='ocrx_word' id='word_1_4' title='bbox 205 334 374 395; x_wconf 91' lang='lat' dir='ltr'>devinctum</span> <span class='ocrx_word' id='word_1_5' title='bbox 407 334 496 394; x_wconf 91' lang='lat' dir='ltr'>verbo</span> <span class='ocrx_word' id='word_1_6' title='bbox 532 335 686 412; x_wconf 81' lang='lat' dir='ltr'>quaepiam</span> <span class='ocrx_word' id='word_1_7' title='bbox 719 333 847 393; x_wconf 88' lang='lat' dir='ltr'>cavenda</span> <span class='ocrx_word' id='word_1_8' title='bbox 879 333 1098 394; x_wconf 79' lang='lat' dir='ltr'>mandaveram:</span> <span class='ocrx_word' id='word_1_9' title='bbox 1137 334 1227 395; x_wconf 90' lang='lat' dir='ltr'>dicto</span> 
     </span>
     <span class='ocr_line' id='line_1_3' title="bbox 204 415 1226 503; baseline -0.002 -19"><span class='ocrx_word' id='word_1_10' title='bbox 204 425 339 503; x_wconf 88' lang='lat' dir='ltr'>paruisse</span> <span class='ocrx_word' id='word_1_11' title='bbox 362 441 414 484; x_wconf 91' lang='lat' dir='ltr'>vos</span> <span class='ocrx_word' id='word_1_12' title='bbox 437 422 558 501; x_wconf 84' lang='lat' dir='ltr'>gaudeo.</span> <span class='ocrx_word' id='word_1_13' title='bbox 591 415 738 500; x_wconf 72' lang='lat' dir='ltr'>siquidem</span> <span class='ocrx_word' id='word_1_14' title='bbox 761 420 959 501; x_wconf 73' lang='lat' dir='ltr'>prudentibus</span> <span class='ocrx_word' id='word_1_15' title='bbox 979 422 1148 483; x_wconf 79' lang='lat' dir='ltr'>cordacitus</span> <span class='ocrx_word' id='word_1_16' title='bbox 1174 425 1226 483; x_wconf 90' lang='lat' dir='ltr'>in-</span> 
     </span>
     <span class='ocr_line' id='line_1_4' title="bbox 205 510 1226 592; baseline 0 -20"><span class='ocrx_word' id='word_1_17' title='bbox 205 515 294 573; x_wconf 89' lang='lat' dir='ltr'>situm</span> <span class='ocrx_word' id='word_1_18' title='bbox 314 519 359 572; x_wconf 90' lang='lat' dir='ltr'>est</span> <span class='ocrx_word' id='word_1_19' title='bbox 377 514 471 572; x_wconf 89' lang='lat' dir='ltr'>vitare</span> <span class='ocrx_word' id='word_1_20' title='bbox 490 511 620 592; x_wconf 80' lang='lat' dir='ltr'>fortuita,</span> <span class='ocrx_word' id='word_1_21' title='bbox 644 513 721 571; x_wconf 91' lang='lat' dir='ltr'>sicut</span> <span class='ocrx_word' id='word_1_22' title='bbox 739 510 842 571; x_wconf 88' lang='lat' dir='ltr'>itidem</span> <span class='ocrx_word' id='word_1_23' title='bbox 861 510 1030 591; x_wconf 89' lang='lat' dir='ltr'>absurdum,</span> <span class='ocrx_word' id='word_1_24' title='bbox 1055 513 1081 571; x_wconf 93' lang='lat' dir='ltr'>si</span> <span class='ocrx_word' id='word_1_25' title='bbox 1100 515 1226 591; x_wconf 88' lang='lat' dir='ltr'>coeptis</span> 
     </span>
     <span class='ocr_line' id='line_1_5' title="bbox 204 600 1226 679; baseline -0.001 -17"><span class='ocrx_word' id='word_1_26' title='bbox 204 601 363 662; x_wconf 87' lang='lat' dir='ltr'>audacibus</span> <span class='ocrx_word' id='word_1_27' title='bbox 391 600 563 661; x_wconf 77' lang='lat' dir='ltr'>adversetur</span> <span class='ocrx_word' id='word_1_28' title='bbox 591 607 726 679; x_wconf 87' lang='lat' dir='ltr'>eventus,</span> <span class='ocrx_word' id='word_1_29' title='bbox 754 617 934 679; x_wconf 80' lang='lat' dir='ltr'>consurgere</span> <span class='ocrx_word' id='word_1_30' title='bbox 958 602 990 660; x_wconf 90' lang='lat' dir='ltr'>in</span> <span class='ocrx_word' id='word_1_31' title='bbox 1013 602 1226 679; x_wconf 86' lang='lat' dir='ltr'>querimonias</span> 
     </span>
     <span class='ocr_line' id='line_1_6' title="bbox 176 687 1224 768; baseline 0.002 -20"><span class='ocrx_word' id='word_1_32' title='bbox 176 697 233 750; x_wconf 83' lang='lat' dir='ltr'>aet</span> <span class='ocrx_word' id='word_1_33' title='bbox 265 689 498 754; x_wconf 87' lang='lat' dir='ltr'>inconsultarum</span> <span class='ocrx_word' id='word_1_34' title='bbox 531 689 758 768; x_wconf 87' lang='lat' dir='ltr'>dispositionum</span> <span class='ocrx_word' id='word_1_35' title='bbox 790 687 950 768; x_wconf 85' lang='lat' dir='ltr'>culpabiles</span> <span class='ocrx_word' id='word_1_36' title='bbox 979 691 1076 749; x_wconf 82' lang='lat' dir='ltr'>exitus</span> <span class='ocrx_word' id='word_1_37' title='bbox 1104 689 1141 750; x_wconf 94' lang='lat' dir='ltr'>ad</span> <span class='ocrx_word' id='word_1_38' title='bbox 1173 692 1224 750; x_wconf 89' lang='lat' dir='ltr'>in-</span> 
     </span>
     <span class='ocr_line' id='line_1_7' title="bbox 203 774 1224 857; baseline 0 -17"><span class='ocrx_word' id='word_1_39' title='bbox 203 779 336 840; x_wconf 82' lang='lat' dir='ltr'>famanda</span> <span class='ocrx_word' id='word_1_40' title='bbox 360 797 484 840; x_wconf 88' lang='lat' dir='ltr'>casuum</span> <span class='ocrx_word' id='word_1_41' title='bbox 505 781 619 839; x_wconf 90' lang='lat' dir='ltr'>incerta</span> <span class='ocrx_word' id='word_1_42' title='bbox 643 785 824 838; x_wconf 89' lang='lat' dir='ltr'>convertere.</span> <span class='ocrx_word' id='word_1_43' title='bbox 860 775 889 838; x_wconf 87' lang='grc'>2.</span> <span class='ocrx_word' id='word_1_44' title='bbox 913 774 1068 857; x_wconf 75' lang='lat' dir='ltr'>‘quorsum</span> <span class='ocrx_word' id='word_1_45' title='bbox 1085 774 1224 840; x_wconf 85' lang='lat' dir='ltr'>istaec?&#39;</span> 
     </span>
     <span class='ocr_line' id='line_1_8' title="bbox 202 867 1222 948; baseline -0.002 -18"><span class='ocrx_word' id='word_1_46' title='bbox 202 871 253 930; x_wconf 93' lang='lat' dir='ltr'>ais.</span> <span class='ocrx_word' id='word_1_47' title='bbox 286 870 380 930; x_wconf 80' lang='lat' dir='ltr'>fateor</span> <span class='ocrx_word' id='word_1_48' title='bbox 402 886 450 928; x_wconf 90' lang='lat' dir='ltr'>me</span> <span class='ocrx_word' id='word_1_49' title='bbox 473 870 565 928; x_wconf 92' lang='lat' dir='ltr'>nimis</span> <span class='ocrx_word' id='word_1_50' title='bbox 586 869 722 948; x_wconf 80' lang='lat' dir='ltr'>veritum,</span> <span class='ocrx_word' id='word_1_51' title='bbox 744 884 781 927; x_wconf 89' lang='lat' dir='ltr'>ne</span> <span class='ocrx_word' id='word_1_52' title='bbox 805 873 938 946; x_wconf 90' lang='lat' dir='ltr'>tempore</span> <span class='ocrx_word' id='word_1_53' title='bbox 961 869 1078 928; x_wconf 90' lang='lat' dir='ltr'>timoris</span> <span class='ocrx_word' id='word_1_54' title='bbox 1101 867 1222 946; x_wconf 89' lang='lat' dir='ltr'>publici</span> 
     </span>
     <span class='ocr_line' id='line_1_9' title="bbox 201 956 1220 1018; baseline 0 0"><span class='ocrx_word' id='word_1_55' title='bbox 201 977 261 1018; x_wconf 92' lang='lat' dir='ltr'>non</span> <span class='ocrx_word' id='word_1_56' title='bbox 284 961 406 1018; x_wconf 88' lang='lat' dir='ltr'>timeres</span> <span class='ocrx_word' id='word_1_57' title='bbox 430 966 460 1017; x_wconf 90' lang='lat' dir='ltr'>et</span> <span class='ocrx_word' id='word_1_58' title='bbox 483 956 593 1016; x_wconf 90' lang='lat' dir='ltr'>solidae</span> <span class='ocrx_word' id='word_1_59' title='bbox 617 956 722 1016; x_wconf 91' lang='lat' dir='ltr'>domus</span> <span class='ocrx_word' id='word_1_60' title='bbox 746 956 782 1018; x_wconf 91' lang='lat' dir='ltr'>ad</span> <span class='ocrx_word' id='word_1_61' title='bbox 805 956 861 1015; x_wconf 91' lang='lat' dir='ltr'>boc</span> <span class='ocrx_word' id='word_1_62' title='bbox 884 959 948 1017; x_wconf 92' lang='lat' dir='ltr'>aevi</span> <span class='ocrx_word' id='word_1_63' title='bbox 971 959 1149 1016; x_wconf 88' lang='lat' dir='ltr'>inconcussa</span> <span class='ocrx_word' id='word_1_64' title='bbox 1170 975 1220 1018; x_wconf 90' lang='lat' dir='ltr'>se-</span> 
     </span>
     <span class='ocr_line' id='line_1_10' title="bbox 202 1046 1219 1125; baseline -0.002 -17"><span class='ocrx_word' id='word_1_65' title='bbox 202 1049 312 1108; x_wconf 90' lang='lat' dir='ltr'>curitas</span> <span class='ocrx_word' id='word_1_66' title='bbox 336 1046 371 1107; x_wconf 94' lang='lat' dir='ltr'>ad</span> <span class='ocrx_word' id='word_1_67' title='bbox 390 1053 608 1124; x_wconf 91' lang='lat' dir='ltr'>tempestuosos</span> <span class='ocrx_word' id='word_1_68' title='bbox 626 1046 757 1105; x_wconf 92' lang='lat' dir='ltr'>bostium</span> <span class='ocrx_word' id='word_1_69' title='bbox 776 1047 914 1106; x_wconf 90' lang='lat' dir='ltr'>incursus</span> <span class='ocrx_word' id='word_1_70' title='bbox 932 1063 986 1125; x_wconf 94' lang='lat' dir='ltr'>pro</span> <span class='ocrx_word' id='word_1_71' title='bbox 1005 1047 1219 1124; x_wconf 87' lang='lat' dir='ltr'>intempestiva</span> 
     </span>
     <span class='ocr_line' id='line_1_11' title="bbox 162 1133 1217 1214; baseline 0.001 -21"><span class='ocrx_word' id='word_1_72' title='bbox 162 1154 188 1194; x_wconf 94' lang='lat' dir='ltr'>1o</span> <span class='ocrx_word' id='word_1_73' title='bbox 201 1137 356 1197; x_wconf 91' lang='lat' dir='ltr'>devotione</span> <span class='ocrx_word' id='word_1_74' title='bbox 383 1135 546 1214; x_wconf 88' lang='lat' dir='ltr'>trepidaret</span> <span class='ocrx_word' id='word_1_75' title='bbox 573 1133 784 1213; x_wconf 89' lang='lat' dir='ltr'>inchoaretque</span> <span class='ocrx_word' id='word_1_76' title='bbox 812 1135 890 1213; x_wconf 94' lang='lat' dir='ltr'>apud</span> <span class='ocrx_word' id='word_1_77' title='bbox 913 1137 1080 1195; x_wconf 91' lang='lat' dir='ltr'>animorum</span> <span class='ocrx_word' id='word_1_78' title='bbox 1103 1141 1217 1195; x_wconf 92' lang='lat' dir='ltr'>matro-</span> 
     </span>
     <span class='ocr_line' id='line_1_12' title="bbox 200 1223 1216 1303; baseline -0.003 -17"><span class='ocrx_word' id='word_1_79' title='bbox 200 1225 312 1286; x_wconf 90' lang='lat' dir='ltr'>nalium</span> <span class='ocrx_word' id='word_1_80' title='bbox 331 1224 562 1285; x_wconf 89' lang='lat' dir='ltr'>teneritudinem</span> <span class='ocrx_word' id='word_1_81' title='bbox 581 1223 763 1283; x_wconf 90' lang='lat' dir='ltr'>sollemnitas</span> <span class='ocrx_word' id='word_1_82' title='bbox 782 1225 911 1303; x_wconf 85' lang='lat' dir='ltr'>expetita</span> <span class='ocrx_word' id='word_1_83' title='bbox 929 1223 1085 1284; x_wconf 89' lang='lat' dir='ltr'>vilescere:</span> <span class='ocrx_word' id='word_1_84' title='bbox 1110 1242 1216 1302; x_wconf 93' lang='lat' dir='ltr'>quam·</span> 
     </span>
     <span class='ocr_line' id='line_1_13' title="bbox 201 1311 1216 1395; baseline 0 -21"><span class='ocrx_word' id='word_1_85' title='bbox 201 1333 289 1394; x_wconf 92' lang='lat' dir='ltr'>quam</span> <span class='ocrx_word' id='word_1_86' title='bbox 307 1317 339 1374; x_wconf 93' lang='lat' dir='ltr'>in</span> <span class='ocrx_word' id='word_1_87' title='bbox 357 1313 527 1395; x_wconf 88' lang='lat' dir='ltr'>pectoribus</span> <span class='ocrx_word' id='word_1_88' title='bbox 546 1312 708 1374; x_wconf 87' lang='lat' dir='ltr'>earundem</span> <span class='ocrx_word' id='word_1_89' title='bbox 726 1314 766 1372; x_wconf 90' lang='lat' dir='ltr'>ita</span> <span class='ocrx_word' id='word_1_90' title='bbox 788 1311 845 1372; x_wconf 92' lang='lat' dir='ltr'>sibi</span> <span class='ocrx_word' id='word_1_91' title='bbox 865 1315 904 1373; x_wconf 91' lang='lat' dir='ltr'>sit</span> <span class='ocrx_word' id='word_1_92' title='bbox 923 1315 1050 1392; x_wconf 83' lang='lat' dir='ltr'>genuina</span> <span class='ocrx_word' id='word_1_93' title='bbox 1070 1315 1216 1374; x_wconf 90' lang='lat' dir='ltr'>sanctitas</span> 
     </span>
     <span class='ocr_line' id='line_1_14' title="bbox 200 1401 1215 1482; baseline -0.002 -18"><span class='ocrx_word' id='word_1_94' title='bbox 200 1402 349 1482; x_wconf 88' lang='lat' dir='ltr'>peculiare</span> <span class='ocrx_word' id='word_1_95' title='bbox 372 1409 479 1463; x_wconf 91' lang='lat' dir='ltr'>metata</span> <span class='ocrx_word' id='word_1_96' title='bbox 508 1401 702 1482; x_wconf 88' lang='lat' dir='ltr'>domicilium,</span> <span class='ocrx_word' id='word_1_97' title='bbox 729 1409 776 1482; x_wconf 79' lang='lat' dir='ltr'>ut,</span> <span class='ocrx_word' id='word_1_98' title='bbox 804 1404 829 1462; x_wconf 91' lang='lat' dir='ltr'>si</span> <span class='ocrx_word' id='word_1_99' title='bbox 857 1402 928 1481; x_wconf 90' lang='lat' dir='ltr'>quid</span> <span class='ocrx_word' id='word_1_100' title='bbox 952 1419 1038 1462; x_wconf 90' lang='lat' dir='ltr'>secus</span> <span class='ocrx_word' id='word_1_101' title='bbox 1061 1401 1215 1462; x_wconf 91' lang='lat' dir='ltr'>viantibus</span> 
     </span>
     <span class='ocr_line' id='line_1_15' title="bbox 201 1491 1214 1573; baseline -0.002 -21"><span class='ocrx_word' id='word_1_102' title='bbox 201 1492 366 1573; x_wconf 78' lang='lat' dir='ltr'>accidisset,</span> <span class='ocrx_word' id='word_1_103' title='bbox 389 1491 548 1552; x_wconf 90' lang='lat' dir='ltr'>laetaturae</span> <span class='ocrx_word' id='word_1_104' title='bbox 570 1491 681 1552; x_wconf 89' lang='lat' dir='ltr'>luerint</span> <span class='ocrx_word' id='word_1_105' title='bbox 699 1491 847 1570; x_wconf 91' lang='lat' dir='ltr'>quoddam</span> <span class='ocrx_word' id='word_1_106' title='bbox 866 1509 897 1551; x_wconf 93' lang='lat' dir='ltr'>se</span> <span class='ocrx_word' id='word_1_107' title='bbox 916 1509 970 1570; x_wconf 93' lang='lat' dir='ltr'>pro</span> <span class='ocrx_word' id='word_1_108' title='bbox 989 1498 1119 1570; x_wconf 84' lang='lat' dir='ltr'>martyre</span> <span class='ocrx_word' id='word_1_109' title='bbox 1138 1491 1214 1551; x_wconf 88' lang='lat' dir='ltr'>tole-</span> 
     </span>
     <span class='ocr_line' id='line_1_16' title="bbox 161 1580 1215 1660; baseline -0.001 -20"><span class='ocrx_word' id='word_1_110' title='bbox 161 1598 281 1641; x_wconf 80' lang='lat' dir='ltr'>rorasse</span> <span class='ocrx_word' id='word_1_111' title='bbox 306 1583 487 1660; x_wconf 76' lang='lat' dir='ltr'>martyrium.</span> <span class='ocrx_word' id='word_1_112' title='bbox 521 1587 566 1640; x_wconf 91' lang='lat' dir='ltr'>ast</span> <span class='ocrx_word' id='word_1_113' title='bbox 584 1598 647 1660; x_wconf 85' lang='lat' dir='ltr'>ego,</span> <span class='ocrx_word' id='word_1_114' title='bbox 670 1583 720 1640; x_wconf 89' lang='lat' dir='ltr'>cui</span> <span class='ocrx_word' id='word_1_115' title='bbox 738 1581 881 1640; x_wconf 91' lang='lat' dir='ltr'>maiorem</span> <span class='ocrx_word' id='word_1_116' title='bbox 900 1580 1094 1640; x_wconf 86' lang='lat' dir='ltr'>diffidentiam</span> <span class='ocrx_word' id='word_1_117' title='bbox 1113 1581 1215 1640; x_wconf 90' lang='lat' dir='ltr'>minor</span> 
     </span>
     <span class='ocr_line' id='line_1_17' title="bbox 200 1666 1214 1754; baseline -0.003 -23"><span class='ocrx_word' id='word_1_118' title='bbox 200 1666 368 1731; x_wconf 84' lang='lat' dir='ltr'>innocentia</span> <span class='ocrx_word' id='word_1_119' title='bbox 396 1671 479 1754; x_wconf 57' lang='lat' dir='ltr'>lacit,</span> <span class='ocrx_word' id='word_1_120' title='bbox 512 1687 601 1748; x_wconf 88' lang='lat' dir='ltr'>super</span> <span class='ocrx_word' id='word_1_121' title='bbox 632 1668 689 1729; x_wconf 92' lang='lat' dir='ltr'>hoc</span> <span class='ocrx_word' id='word_1_122' title='bbox 721 1667 858 1747; x_wconf 85' lang='lat' dir='ltr'>ambiguo</span> <span class='ocrx_word' id='word_1_123' title='bbox 892 1671 1056 1729; x_wconf 89' lang='lat' dir='ltr'>sententiae</span> <span class='ocrx_word' id='word_1_124' title='bbox 1085 1670 1214 1729; x_wconf 90' lang='lat' dir='ltr'>cautiori</span> 
     </span>
     <span class='ocr_line' id='line_1_18' title="bbox 199 1757 1214 1838; baseline -0.002 -19"><span class='ocrx_word' id='word_1_125' title='bbox 199 1759 339 1821; x_wconf 90' lang='lat' dir='ltr'>libentius</span> <span class='ocrx_word' id='word_1_126' title='bbox 372 1759 550 1820; x_wconf 89' lang='lat' dir='ltr'>adhaeresco</span> <span class='ocrx_word' id='word_1_127' title='bbox 583 1777 638 1819; x_wconf 86' lang='lat' dir='ltr'>nec</span> <span class='ocrx_word' id='word_1_128' title='bbox 671 1757 831 1819; x_wconf 85' lang='lat' dir='ltr'>difficulter</span> <span class='ocrx_word' id='word_1_129' title='bbox 862 1758 993 1838; x_wconf 91' lang='lat' dir='ltr'>applicor</span> <span class='ocrx_word' id='word_1_130' title='bbox 1025 1760 1114 1819; x_wconf 89' lang='lat' dir='ltr'>etiam</span> <span class='ocrx_word' id='word_1_131' title='bbox 1147 1764 1214 1818; x_wconf 89' lang='lat' dir='ltr'>tuta</span> 
     </span>
     <span class='ocr_line' id='line_1_19' title="bbox 198 1845 1214 1928; baseline -0.003 -19"><span class='ocrx_word' id='word_1_132' title='bbox 198 1848 406 1909; x_wconf 91' lang='lat' dir='ltr'>metuentibus.</span> <span class='ocrx_word' id='word_1_133' title='bbox 454 1845 482 1911; x_wconf 88' lang='lat'>3.</span> <span class='ocrx_word' id='word_1_134' title='bbox 512 1847 636 1927; x_wconf 89' lang='lat' dir='ltr'>proinde</span> <span class='ocrx_word' id='word_1_135' title='bbox 664 1848 773 1908; x_wconf 89' lang='lat' dir='ltr'>factum</span> <span class='ocrx_word' id='word_1_136' title='bbox 801 1848 876 1908; x_wconf 89' lang='lat' dir='ltr'>bene</span> <span class='ocrx_word' id='word_1_137' title='bbox 905 1855 963 1928; x_wconf 86' lang='lat' dir='ltr'>est,</span> <span class='ocrx_word' id='word_1_138' title='bbox 994 1846 1072 1926; x_wconf 88' lang='lat' dir='ltr'>quod</span> <span class='ocrx_word' id='word_1_139' title='bbox 1101 1865 1214 1926; x_wconf 91' lang='lat' dir='ltr'>anceps</span> 
     </span>
     <span class='ocr_line' id='line_1_20' title="bbox 198 1935 1212 2015; baseline -0.003 -16"><span class='ocrx_word' id='word_1_140' title='bbox 198 1940 256 1999; x_wconf 91' lang='lat' dir='ltr'>iter</span> <span class='ocrx_word' id='word_1_141' title='bbox 284 1938 443 1998; x_wconf 88' lang='lat' dir='ltr'>salubriter</span> <span class='ocrx_word' id='word_1_142' title='bbox 471 1936 629 1997; x_wconf 89' lang='lat' dir='ltr'>distulistis</span> <span class='ocrx_word' id='word_1_143' title='bbox 652 1955 749 2015; x_wconf 90' lang='lat' dir='ltr'>neque</span> <span class='ocrx_word' id='word_1_144' title='bbox 772 1939 850 1997; x_wconf 93' lang='lat' dir='ltr'>intra</span> <span class='ocrx_word' id='word_1_145' title='bbox 873 1939 982 1997; x_wconf 90' lang='lat' dir='ltr'>iactum</span> <span class='ocrx_word' id='word_1_146' title='bbox 1005 1943 1104 1996; x_wconf 92' lang='lat' dir='ltr'>tantae</span> <span class='ocrx_word' id='word_1_147' title='bbox 1129 1935 1212 1996; x_wconf 90' lang='lat' dir='ltr'>aleae</span> 
     </span>
     <span class='ocr_line' id='line_1_21' title="bbox 158 2024 1216 2104; baseline -0.001 -19"><span class='ocrx_word' id='word_1_148' title='bbox 158 2034 292 2087; x_wconf 74' lang='lat' dir='ltr'>costatus</span> <span class='ocrx_word' id='word_1_149' title='bbox 315 2034 413 2087; x_wconf 88' lang='lat' dir='ltr'>tantae</span> <span class='ocrx_word' id='word_1_150' title='bbox 441 2024 568 2086; x_wconf 88' lang='lat' dir='ltr'>familiae</span> <span class='ocrx_word' id='word_1_151' title='bbox 596 2026 659 2086; x_wconf 88' lang='lat' dir='ltr'>luit.</span> <span class='ocrx_word' id='word_1_152' title='bbox 706 2033 736 2085; x_wconf 89' lang='lat' dir='ltr'>et</span> <span class='ocrx_word' id='word_1_153' title='bbox 758 2025 829 2086; x_wconf 88' lang='lat' dir='ltr'>licet</span> <span class='ocrx_word' id='word_1_154' title='bbox 851 2026 986 2086; x_wconf 90' lang='lat' dir='ltr'>inchoata</span> <span class='ocrx_word' id='word_1_155' title='bbox 1009 2027 1056 2084; x_wconf 95' lang='lat' dir='ltr'>via</span> <span class='ocrx_word' id='word_1_156' title='bbox 1079 2027 1216 2104; x_wconf 89' lang='lat' dir='ltr'>potuerit</span> 
     </span>
     <span class='ocr_line' id='line_1_22' title="bbox 198 2113 1214 2196; baseline -0.004 -20"><span class='ocrx_word' id='word_1_157' title='bbox 198 2118 377 2196; x_wconf 80' lang='lat' dir='ltr'>prosperari,</span> <span class='ocrx_word' id='word_1_158' title='bbox 400 2133 454 2194; x_wconf 84' lang='lat' dir='ltr'>ego</span> <span class='ocrx_word' id='word_1_159' title='bbox 477 2122 577 2176; x_wconf 88' lang='lat' dir='ltr'>tamen</span> <span class='ocrx_word' id='word_1_160' title='bbox 599 2114 770 2174; x_wconf 91' lang='lat' dir='ltr'>huiusmodi</span> <span class='ocrx_word' id='word_1_161' title='bbox 793 2115 917 2175; x_wconf 90' lang='lat' dir='ltr'>consilio</span> <span class='ocrx_word' id='word_1_162' title='bbox 941 2113 1039 2175; x_wconf 89' lang='lat' dir='ltr'>album</span> <span class='ocrx_word' id='word_1_163' title='bbox 1063 2113 1214 2173; x_wconf 92' lang='lat' dir='ltr'>calculum</span> 
     </span>
     <span class='ocr_line' id='line_1_23' title="bbox 198 2201 1213 2285; baseline -0.002 -21"><span class='ocrx_word' id='word_1_164' title='bbox 198 2206 318 2265; x_wconf 89' lang='lat' dir='ltr'>minime</span> <span class='ocrx_word' id='word_1_165' title='bbox 338 2221 491 2285; x_wconf 88' lang='lat' dir='ltr'>apponam,</span> <span class='ocrx_word' id='word_1_166' title='bbox 515 2205 600 2264; x_wconf 90' lang='lat' dir='ltr'>cuius</span> <span class='ocrx_word' id='word_1_167' title='bbox 619 2205 771 2264; x_wconf 88' lang='lat' dir='ltr'>temeritas</span> <span class='ocrx_word' id='word_1_168' title='bbox 790 2203 902 2264; x_wconf 91' lang='lat' dir='ltr'>absolvi</span> <span class='ocrx_word' id='word_1_169' title='bbox 920 2205 1024 2282; x_wconf 92' lang='lat' dir='ltr'>nequit</span> <span class='ocrx_word' id='word_1_170' title='bbox 1041 2204 1101 2262; x_wconf 93' lang='lat' dir='ltr'>nisi</span> <span class='ocrx_word' id='word_1_171' title='bbox 1119 2201 1213 2262; x_wconf 90' lang='lat' dir='ltr'>bene-</span> 
     </span>
     <span class='ocr_line' id='line_1_24' title="bbox 197 2292 1214 2371; baseline -0.002 -18"><span class='ocrx_word' id='word_1_172' title='bbox 197 2293 264 2353; x_wconf 88' lang='lat' dir='ltr'>ticio</span> <span class='ocrx_word' id='word_1_173' title='bbox 293 2293 451 2354; x_wconf 83' lang='lat' dir='ltr'>felicitatis.</span> <span class='ocrx_word' id='word_1_174' title='bbox 497 2293 578 2354; x_wconf 90' lang='lat' dir='ltr'>dabit</span> <span class='ocrx_word' id='word_1_175' title='bbox 606 2292 726 2371; x_wconf 88' lang='lat' dir='ltr'>quidem</span> <span class='ocrx_word' id='word_1_176' title='bbox 753 2292 822 2352; x_wconf 91' lang='lat' dir='ltr'>talia</span> <span class='ocrx_word' id='word_1_177' title='bbox 850 2299 915 2353; x_wconf 93' lang='lat' dir='ltr'>vota</span> <span class='ocrx_word' id='word_1_178' title='bbox 944 2293 1082 2352; x_wconf 88' lang='lat' dir='ltr'>divinitas</span> <span class='ocrx_word' id='word_1_179' title='bbox 1111 2292 1214 2370; x_wconf 83' lang='lat' dir='ltr'>dignis</span> 
     </span>
     <span class='ocr_line' id='line_1_25' title="bbox 198 2380 1213 2461; baseline -0.002 -20"><span class='ocrx_word' id='word_1_180' title='bbox 198 2381 386 2443; x_wconf 91' lang='lat' dir='ltr'>successibus</span> <span class='ocrx_word' id='word_1_181' title='bbox 409 2384 578 2461; x_wconf 92' lang='lat' dir='ltr'>promoveri</span> <span class='ocrx_word' id='word_1_182' title='bbox 600 2380 760 2460; x_wconf 90' lang='lat' dir='ltr'>licebitque</span> <span class='ocrx_word' id='word_1_183' title='bbox 785 2381 879 2442; x_wconf 89' lang='lat' dir='ltr'>adhuc</span> <span class='ocrx_word' id='word_1_184' title='bbox 898 2382 1039 2442; x_wconf 89' lang='lat' dir='ltr'>horumce</span> <span class='ocrx_word' id='word_1_185' title='bbox 1058 2387 1213 2441; x_wconf 87' lang='lat' dir='ltr'>terrorum</span> 
     </span>
     <span class='ocr_line' id='line_1_26' title="bbox 157 2469 1213 2551; baseline 0.001 -24"><span class='ocrx_word' id='word_1_186' title='bbox 157 2487 182 2528; x_wconf 79' lang='lat' dir='ltr'>aa</span> <span class='ocrx_word' id='word_1_187' title='bbox 198 2471 252 2531; x_wconf 92' lang='lat' dir='ltr'>sub</span> <span class='ocrx_word' id='word_1_188' title='bbox 283 2473 365 2550; x_wconf 91' lang='lat' dir='ltr'>pacis</span> <span class='ocrx_word' id='word_1_189' title='bbox 393 2473 569 2532; x_wconf 92' lang='lat' dir='ltr'>amoenitate</span> <span class='ocrx_word' id='word_1_190' title='bbox 597 2472 782 2551; x_wconf 82' lang='lat' dir='ltr'>meminisse3</span> <span class='ocrx_word' id='word_1_191' title='bbox 815 2470 867 2530; x_wconf 91' lang='lat' dir='ltr'>sed</span> <span class='ocrx_word' id='word_1_192' title='bbox 894 2471 1063 2550; x_wconf 88' lang='lat' dir='ltr'>praesentia</span> <span class='ocrx_word' id='word_1_193' title='bbox 1095 2469 1213 2529; x_wconf 82' lang='lat' dir='ltr'>iaciunt</span> 
     </span>
     <span class='ocr_line' id='line_1_27' title="bbox 197 2556 1212 2641; baseline -0.002 -21"><span class='ocrx_word' id='word_1_194' title='bbox 197 2568 307 2641; x_wconf 85' lang='lat' dir='ltr'>cautos,</span> <span class='ocrx_word' id='word_1_195' title='bbox 331 2578 405 2640; x_wconf 92' lang='lat' dir='ltr'>quos</span> <span class='ocrx_word' id='word_1_196' title='bbox 427 2559 571 2620; x_wconf 90' lang='lat' dir='ltr'>videbunt</span> <span class='ocrx_word' id='word_1_197' title='bbox 594 2559 692 2620; x_wconf 85' lang='lat' dir='ltr'>lutura</span> <span class='ocrx_word' id='word_1_198' title='bbox 712 2577 841 2619; x_wconf 89' lang='lat' dir='ltr'>securos.</span> <span class='ocrx_word' id='word_1_199' title='bbox 873 2556 904 2620; x_wconf 94' lang='grc'>4.</span> <span class='ocrx_word' id='word_1_200' title='bbox 928 2560 1049 2619; x_wconf 89' lang='lat' dir='ltr'>interim</span> <span class='ocrx_word' id='word_1_201' title='bbox 1067 2557 1104 2617; x_wconf 91' lang='lat' dir='ltr'>ad</span> <span class='ocrx_word' id='word_1_202' title='bbox 1122 2576 1212 2636; x_wconf 89' lang='lat' dir='ltr'>prae-</span> 
     </span>
     <span class='ocr_line' id='line_1_28' title="bbox 81 2646 1211 2729; baseline -0.004 -19"><span class='ocrx_word' id='word_1_203' title='bbox 81 2655 84 2662; x_wconf 58' lang='lat'>*</span> <span class='ocrx_word' id='word_1_204' title='bbox 197 2667 265 2710; x_wconf 88' lang='lat' dir='ltr'>sens</span> <span class='ocrx_word' id='word_1_205' title='bbox 293 2653 410 2729; x_wconf 91' lang='lat' dir='ltr'>apicum</span> <span class='ocrx_word' id='word_1_206' title='bbox 438 2649 551 2709; x_wconf 91' lang='lat' dir='ltr'>oblator</span> <span class='ocrx_word' id='word_1_207' title='bbox 578 2647 684 2708; x_wconf 91' lang='lat' dir='ltr'>damna</span> <span class='ocrx_word' id='word_1_208' title='bbox 707 2647 770 2714; x_wconf 83' lang='lat' dir='ltr'>sibi</span> <span class='ocrx_word' id='word_1_209' title='bbox 791 2651 945 2728; x_wconf 89' lang='lat' dir='ltr'>quaepiam</span> <span class='ocrx_word' id='word_1_210' title='bbox 968 2666 1022 2727; x_wconf 89' lang='lat' dir='ltr'>per</span> <span class='ocrx_word' id='word_1_211' title='bbox 1045 2646 1211 2707; x_wconf 88' lang='lat' dir='ltr'>Genesium</span> 
     </span>
     <span class='ocr_line' id='line_1_29' title="bbox 195 2735 1211 2817; baseline -0.004 -19"><span class='ocrx_word' id='word_1_212' title='bbox 195 2747 327 2799; x_wconf 88' lang='lat' dir='ltr'>vestrum</span> <span class='ocrx_word' id='word_1_213' title='bbox 350 2737 462 2799; x_wconf 89' lang='lat' dir='ltr'>iussicta</span> <span class='ocrx_word' id='word_1_214' title='bbox 486 2739 623 2817; x_wconf 89' lang='lat' dir='ltr'>suspirat.</span> <span class='ocrx_word' id='word_1_215' title='bbox 661 2739 687 2797; x_wconf 90' lang='lat' dir='ltr'>si</span> <span class='ocrx_word' id='word_1_216' title='bbox 710 2739 856 2816; x_wconf 88' lang='lat' dir='ltr'>perspicis</span> <span class='ocrx_word' id='word_1_217' title='bbox 879 2756 895 2798; x_wconf 95' lang='lat' dir='ltr'>a</span> <span class='ocrx_word' id='word_1_218' title='bbox 919 2755 988 2798; x_wconf 92' lang='lat' dir='ltr'>vero</span> <span class='ocrx_word' id='word_1_219' title='bbox 1013 2754 1072 2796; x_wconf 91' lang='lat' dir='ltr'>non</span> <span class='ocrx_word' id='word_1_220' title='bbox 1095 2735 1211 2796; x_wconf 88' lang='lat' dir='ltr'>discre-</span> 
     </span>
     <span class='ocr_line' id='line_1_30' title="bbox 194 2824 1213 2907; baseline -0.005 -19"><span class='ocrx_word' id='word_1_221' title='bbox 194 2846 265 2906; x_wconf 90' lang='lat' dir='ltr'>pare</span> <span class='ocrx_word' id='word_1_222' title='bbox 290 2829 515 2907; x_wconf 79' lang='lat' dir='ltr'>querimoniam,</span> <span class='ocrx_word' id='word_1_223' title='bbox 538 2825 645 2906; x_wconf 87' lang='lat' dir='ltr'>tribue,</span> <span class='ocrx_word' id='word_1_224' title='bbox 670 2845 788 2907; x_wconf 87' lang='lat' dir='ltr'>quaeso,</span> <span class='ocrx_word' id='word_1_225' title='bbox 813 2828 999 2889; x_wconf 90' lang='lat' dir='ltr'>convincenti</span> <span class='ocrx_word' id='word_1_226' title='bbox 1022 2824 1213 2885; x_wconf 83' lang='lat' dir='ltr'>reformatio-</span> 
     </span>
     <span class='ocr_line' id='line_1_31' title="bbox 68 2911 1212 2998; baseline 0 -26"><span class='ocrx_word' id='word_1_227' title='bbox 68 2987 70 2992; x_wconf 25' lang='lat'>·</span> <span class='ocrx_word' id='word_1_228' title='bbox 154 2932 181 2974; x_wconf 83' lang='lat' dir='ltr'>eo</span> <span class='ocrx_word' id='word_1_229' title='bbox 195 2934 277 2998; x_wconf 79' lang='lat' dir='ltr'>nem,</span> <span class='ocrx_word' id='word_1_230' title='bbox 304 2918 463 2997; x_wconf 85' lang='lat' dir='ltr'>peregrino</span> <span class='ocrx_word' id='word_1_231' title='bbox 488 2914 678 2975; x_wconf 91' lang='lat' dir='ltr'>celeritatem.</span> <span class='ocrx_word' id='word_1_232' title='bbox 720 2917 746 2974; x_wconf 94' lang='lat' dir='ltr'>si</span> <span class='ocrx_word' id='word_1_233' title='bbox 769 2933 839 2974; x_wconf 90' lang='lat' dir='ltr'>vero</span> <span class='ocrx_word' id='word_1_234' title='bbox 863 2914 1039 2975; x_wconf 91' lang='lat' dir='ltr'>calumniam</span> <span class='ocrx_word' id='word_1_235' title='bbox 1062 2911 1212 2992; x_wconf 90' lang='lat' dir='ltr'>plectibili</span> 
     </span>
    </p>
   </div>
   <div class='ocr_carea' id='block_1_3' title="bbox 191 3119 1215 3618">
    <p class='ocr_par' dir='ltr' id='par_1_3' title="bbox 191 3119 1215 3618">
     <span class='ocr_line' id='line_1_32' title="bbox 265 3119 1215 3192; baseline -0.002 -16"><span class='ocrx_word' id='word_1_236' title='bbox 265 3129 280 3176; x_wconf 76' lang='lat'><strong>2</strong></span> <span class='ocrx_word' id='word_1_237' title='bbox 300 3121 459 3178; x_wconf 81' lang='lat' dir='ltr'>cordacitus</span> <span class='ocrx_word' id='word_1_238' title='bbox 478 3126 507 3190; x_wconf 79' lang='lat' dir='ltr'>(a</span> <span class='ocrx_word' id='word_1_239' title='bbox 525 3139 593 3178; x_wconf 81' lang='lat' dir='ltr'>corr.</span> <span class='ocrx_word' id='word_1_240' title='bbox 612 3124 644 3176; x_wconf 80' lang='lat' dir='ltr'>c&#39;oa</span> <span class='ocrx_word' id='word_1_241' title='bbox 662 3121 860 3192; x_wconf 58' lang='lat' dir='ltr'>immuniti</span> <span class='ocrx_word' id='word_1_242' title='bbox 860 3123 895 3176; x_wconf 90' lang='lat' dir='ltr'><strong><em>M</em></strong></span> <span class='ocrx_word' id='word_1_243' title='bbox 900 3122 931 3190; x_wconf 82' lang='grc' dir='ltr'>Τ,</span> <span class='ocrx_word' id='word_1_244' title='bbox 951 3119 1104 3174; x_wconf 80' lang='lat' dir='ltr'>cordicitus</span> <span class='ocrx_word' id='word_1_245' title='bbox 1121 3119 1215 3175; x_wconf 82' lang='lat' dir='ltr'>OPF</span> 
     </span>
     <span class='ocr_line' id='line_1_33' title="bbox 193 3189 1213 3264; baseline -0.004 -16"><span class='ocrx_word' id='word_1_246' title='bbox 193 3193 201 3263; x_wconf 80' lang='lat' dir='ltr'>ll</span> <span class='ocrx_word' id='word_1_247' title='bbox 221 3201 236 3249; x_wconf 85' lang='lat'>6</span> <span class='ocrx_word' id='word_1_248' title='bbox 256 3193 345 3248; x_wconf 81' lang='lat' dir='ltr'>istaec</span> <span class='ocrx_word' id='word_1_249' title='bbox 363 3195 402 3262; x_wconf 85' lang='lat' dir='ltr'>L,</span> <span class='ocrx_word' id='word_1_250' title='bbox 426 3192 482 3248; x_wconf 85' lang='lat' dir='ltr'>iata</span> <span class='ocrx_word' id='word_1_251' title='bbox 500 3192 552 3248; x_wconf 90' lang='lat' dir='ltr'>hec</span> <span class='ocrx_word' id='word_1_252' title='bbox 570 3193 612 3262; x_wconf 82' lang='lat' dir='ltr'>N,</span> <span class='ocrx_word' id='word_1_253' title='bbox 636 3191 694 3246; x_wconf 89' lang='lat' dir='ltr'>ista</span> <span class='ocrx_word' id='word_1_254' title='bbox 711 3192 782 3246; x_wconf 88' lang='lat' dir='ltr'>haec</span> <span class='ocrx_word' id='word_1_255' title='bbox 801 3193 877 3263; x_wconf 81' lang='lat' dir='ltr'>MT,</span> <span class='ocrx_word' id='word_1_256' title='bbox 900 3194 970 3246; x_wconf 85' lang='lat' dir='ltr'>lraec</span> <span class='ocrx_word' id='word_1_257' title='bbox 988 3196 1049 3261; x_wconf 87' lang='lat' dir='ltr'>(om.</span> <span class='ocrx_word' id='word_1_258' title='bbox 1068 3190 1136 3258; x_wconf 86' lang='lat' dir='ltr'>ista)</span> <span class='ocrx_word' id='word_1_259' title='bbox 1157 3189 1182 3245; x_wconf 82' lang='grc'><em>0</em></span> <span class='ocrx_word' id='word_1_260' title='bbox 1201 3191 1213 3264; x_wconf 76' lang='lat' dir='ltr'>ll</span> 
     </span>
     <span class='ocr_line' id='line_1_34' title="bbox 193 3262 1211 3334; baseline -0.003 -15"><span class='ocrx_word' id='word_1_261' title='bbox 193 3264 367 3319; x_wconf 83' lang='lat' dir='ltr'>8timeretia</span> <span class='ocrx_word' id='word_1_262' title='bbox 393 3265 423 3320; x_wconf 86' lang='lat' dir='ltr'><em>F</em></span> <span class='ocrx_word' id='word_1_263' title='bbox 447 3268 456 3334; x_wconf 90' lang='grc' dir='ltr'>ΙΙ</span> <span class='ocrx_word' id='word_1_264' title='bbox 485 3269 516 3318; x_wconf 86' lang='grc'>11</span> <span class='ocrx_word' id='word_1_265' title='bbox 532 3270 596 3334; x_wconf 81' lang='lat' dir='ltr'>post</span> <span class='ocrx_word' id='word_1_266' title='bbox 620 3262 745 3334; x_wconf 87' lang='lat' dir='ltr'>expetita</span> <span class='ocrx_word' id='word_1_267' title='bbox 769 3265 979 3320; x_wconf 75' lang='lat' dir='ltr'>Wilomowe&#39;tat&#39;o</span> <span class='ocrx_word' id='word_1_268' title='bbox 1001 3264 1108 3318; x_wconf 79' lang='lat' dir='ltr'>biotam</span> <span class='ocrx_word' id='word_1_269' title='bbox 1130 3279 1211 3317; x_wconf 76' lang='lat' dir='ltr'>mon-</span> 
     </span>
     <span class='ocr_line' id='line_1_35' title="bbox 192 3333 1209 3404; baseline -0.003 -14"><span class='ocrx_word' id='word_1_270' title='bbox 192 3343 296 3392; x_wconf 72' lang='lat' dir='ltr'>suante</span> <span class='ocrx_word' id='word_1_271' title='bbox 318 3337 383 3392; x_wconf 84' lang='lat' dir='ltr'>odd.</span> <span class='ocrx_word' id='word_1_272' title='bbox 402 3335 543 3390; x_wconf 85' lang='lat' dir='ltr'>valescere</span> <span class='ocrx_word' id='word_1_273' title='bbox 561 3334 670 3390; x_wconf 86' lang='lat' dir='ltr'>itineris</span> <span class='ocrx_word' id='word_1_274' title='bbox 694 3334 847 3389; x_wconf 83' lang='lat' dir='ltr'>difficultas</span> <span class='ocrx_word' id='word_1_275' title='bbox 867 3335 1001 3404; x_wconf 83' lang='lat' dir='ltr'>despecta</span> <span class='ocrx_word' id='word_1_276' title='bbox 1019 3333 1209 3403; x_wconf 68' lang='lat' dir='ltr'>Iaotjotaun,</span> 
     </span>
     <span class='ocr_line' id='line_1_36' title="bbox 191 3403 1210 3477; baseline -0.004 -14"><span class='ocrx_word' id='word_1_277' title='bbox 191 3424 248 3462; x_wconf 79' lang='lat' dir='ltr'>non</span> <span class='ocrx_word' id='word_1_278' title='bbox 265 3413 333 3462; x_wconf 84' lang='lat' dir='ltr'>recte</span> <span class='ocrx_word' id='word_1_279' title='bbox 359 3409 369 3477; x_wconf 81' lang='grc' dir='ltr'>ΙΙ</span> <span class='ocrx_word' id='word_1_280' title='bbox 396 3405 602 3474; x_wconf 71' lang='lat' dir='ltr'>concepitque</span> <span class='ocrx_word' id='word_1_281' title='bbox 621 3406 655 3461; x_wconf 90' lang='lat' dir='ltr'><em>N</em></span> <span class='ocrx_word' id='word_1_282' title='bbox 658 3405 715 3475; x_wconf 80' lang='lat' dir='ltr'>OT,</span> <span class='ocrx_word' id='word_1_283' title='bbox 740 3404 897 3475; x_wconf 89' lang='lat' dir='ltr'>libebitque</span> <span class='ocrx_word' id='word_1_284' title='bbox 916 3406 943 3459; x_wconf 84' lang='lat' dir='ltr'><strong><em>L</em></strong></span> <span class='ocrx_word' id='word_1_285' title='bbox 960 3411 985 3461; x_wconf 87' lang='lat' dir='ltr'>et</span> <span class='ocrx_word' id='word_1_286' title='bbox 1004 3403 1155 3474; x_wconf 79' lang='lat' dir='ltr'>praeterii</span> <span class='ocrx_word' id='word_1_287' title='bbox 1174 3406 1210 3459; x_wconf 77' lang='lat' dir='ltr'>in</span> 
     </span>
     <span class='ocr_line' id='line_1_37' title="bbox 191 3475 1210 3548; baseline -0.004 -15"><span class='ocrx_word' id='word_1_288' title='bbox 191 3495 246 3534; x_wconf 78' lang='lat' dir='ltr'>ros.</span> <span class='ocrx_word' id='word_1_289' title='bbox 262 3478 307 3531; x_wconf 75' lang='grc' dir='ltr'>Μι</span> <span class='ocrx_word' id='word_1_290' title='bbox 320 3481 330 3546; x_wconf 81' lang='lat' dir='ltr'>tl</span> <span class='ocrx_word' id='word_1_291' title='bbox 344 3483 378 3532; x_wconf 79' lang='lat'>25</span> <span class='ocrx_word' id='word_1_292' title='bbox 399 3477 459 3548; x_wconf 89' lang='lat' dir='ltr'>sed]</span> <span class='ocrx_word' id='word_1_293' title='bbox 480 3477 504 3530; x_wconf 84' lang='lat' dir='ltr'>si</span> <span class='ocrx_word' id='word_1_294' title='bbox 524 3476 567 3547; x_wconf 81' lang='grc'>011</span> <span class='ocrx_word' id='word_1_295' title='bbox 581 3481 615 3531; x_wconf 78' lang='lat'>28</span> <span class='ocrx_word' id='word_1_296' title='bbox 633 3479 759 3531; x_wconf 83' lang='lat' dir='ltr'>nostrum</span> <span class='ocrx_word' id='word_1_297' title='bbox 778 3485 860 3534; x_wconf 83' lang='lat' dir='ltr'>(corr.</span> <span class='ocrx_word' id='word_1_298' title='bbox 878 3479 910 3532; x_wconf 79' lang='lat' dir='ltr'>io</span> <span class='ocrx_word' id='word_1_299' title='bbox 927 3478 1052 3532; x_wconf 87' lang='lat' dir='ltr'>vestrum</span> <span class='ocrx_word' id='word_1_300' title='bbox 1071 3475 1210 3545; x_wconf 65' lang='lat' dir='ltr'>M’tfflz</span> 
     </span>
     <span class='ocr_line' id='line_1_38' title="bbox 192 3546 1117 3618; baseline -0.003 -15"><span class='ocrx_word' id='word_1_301' title='bbox 192 3549 225 3604; x_wconf 87' lang='lat' dir='ltr'><strong><em>N</em></strong></span> <span class='ocrx_word' id='word_1_302' title='bbox 228 3549 265 3602; x_wconf 90' lang='lat' dir='ltr'><strong><em>M</em></strong></span> <span class='ocrx_word' id='word_1_303' title='bbox 269 3549 321 3603; x_wconf 80' lang='lat' dir='ltr'>OT</span> <span class='ocrx_word' id='word_1_304' title='bbox 333 3550 342 3618; x_wconf 80' lang='lat' dir='ltr'>{l</span> <span class='ocrx_word' id='word_1_305' title='bbox 356 3554 389 3602; x_wconf 80' lang='lat'>29</span> <span class='ocrx_word' id='word_1_306' title='bbox 409 3547 502 3603; x_wconf 83' lang='lat' dir='ltr'>tribue</span> <span class='ocrx_word' id='word_1_307' title='bbox 521 3564 589 3603; x_wconf 84' lang='lat' dir='ltr'>corr.</span> <span class='ocrx_word' id='word_1_308' title='bbox 609 3565 642 3603; x_wconf 73' lang='lat' dir='ltr'>ecc</span> <span class='ocrx_word' id='word_1_309' title='bbox 659 3547 746 3602; x_wconf 82' lang='lat' dir='ltr'>tribui</span> <span class='ocrx_word' id='word_1_310' title='bbox 765 3549 811 3618; x_wconf 51' lang='grc' dir='ltr'>ΡΞ,</span> <span class='ocrx_word' id='word_1_311' title='bbox 831 3547 918 3605; x_wconf 88' lang='lat' dir='ltr'>tribui</span> <span class='ocrx_word' id='word_1_312' title='bbox 936 3548 1001 3603; x_wconf 87' lang='lat' dir='ltr'>LN</span> <span class='ocrx_word' id='word_1_313' title='bbox 1003 3547 1038 3602; x_wconf 88' lang='lat' dir='ltr'><strong><em>M</em></strong></span> <span class='ocrx_word' id='word_1_314' title='bbox 1044 3546 1096 3602; x_wconf 74' lang='lat'>01¹</span> <span class='ocrx_word' id='word_1_315' title='bbox 1107 3549 1117 3616; x_wconf 93' lang='lat' dir='ltr'>l</span> 
     </span>
    </p>
   </div>
   <div class='ocr_carea' id='block_1_4' title="bbox 0 0 1322 4032">
    <p class='ocr_par' dir='ltr' id='par_1_4' title="bbox 0 0 1322 4032">
     <span class='ocr_line' id='line_1_39' title="bbox 0 0 1322 4032; baseline 0 7"><span class='ocrx_word' id='word_1_316' title='bbox 0 0 1322 4032; x_wconf 95' lang='lat' dir='ltr'> </span> 
     </span>
    </p>
   </div>
  </div>
 </body>
</html>
