2660 4030
306 194 473 250 SIDONIUS
492 194 695 252 CONSENTIO
715 195 783 251 SUO
803 195 980 252 SALUTEM.
1084 197 1148 263 175

135 353 209 408 tune
247 351 522 426 competenterque,
560 346 586 404 si
618 363 685 406 cum
717 344 835 424 Tyaneo
866 353 969 406 nostro
1001 364 1080 407 nunc
1112 347 1148 408 ad

138 434 303 495 Caucasum
325 433 503 515 Indumque,
531 452 610 495 nunc
634 434 670 495 ad
692 433 870 514 Aethiopum
892 435 1148 514 gymnosophistas

136 523 336 603 ludorumque
359 522 536 584 Bracmanas
559 529 639 583 totus
662 522 784 584 lectioni
804 541 911 584 vacans
935 530 965 584 ct
987 526 1052 602 ipse
1075 542 1147 603 quo-

137 612 294 674 dammodo
317 614 516 690 peregrinere.
556 608 585 673 5.
609 610 674 690 lege
692 614 789 673 virum
807 612 879 674 fidei
896 611 1056 673 catholicae
1074 631 1147 692 pace

136 701 268 782 praefata
291 703 322 761 in
349 699 486 780 plurimis
509 699 636 761 similem
659 702 717 782 tui,
744 701 774 761 id
802 709 848 762 est
874 720 890 761 a
918 700 1059 762 divitibus
1087 721 1147 762 am·
1175 721 1187 760 a

136 789 232 854 bitum
253 808 308 850 nec
327 789 445 850 divitias
464 789 656 870 ambientem3
675 791 816 868 cupidum
835 793 975 852 scientiae
994 793 1147 852 continen-

134 887 198 940 tem
221 880 380 961 pecuniae3
411 881 490 939 inter
517 878 619 957 epulas
646 878 836 960 abstemium,
867 882 946 940 Inter
968 886 1147 958 purpuratos

136 968 305 1048 IInteatum,
327 969 408 1028 inter
429 966 572 1028 alabastra
597 970 779 1049 censorium3
802 975 973 1029 concretum
996 967 1147 1047 hispidum

135 1056 285 1119 hirsutum
302 1058 336 1116 in
354 1056 452 1116 medio
471 1059 623 1117 nationum
642 1057 841 1118 delibutarum
858 1065 945 1137 atque
962 1059 1041 1118 inter
1055 1064 1146 1118 satra·

134 1165 189 1226 pas
217 1163 321 1226 regum
343 1148 518 1205 tiaratorum
540 1145 708 1206 murrhatos
731 1149 895 1225 pumicatos
918 1145 1147 1208 malobathratos
1161 1165 1186 1205 1o

135 1234 299 1296 venorabili
323 1234 458 1313 squalore
481 1236 659 1316 pretiosum3
687 1253 813 1315 cumque
835 1237 957 1315 proprio
979 1234 1054 1295 nihil
1081 1237 1147 1296 esui
1207 1248 1209 1252 ’

136 1333 187 1385 aut
209 1323 328 1384 indutui
349 1323 386 1383 de
408 1323 522 1402 pecude
542 1323 698 1404 conferret,
722 1326 822 1402 regnis
840 1323 878 1384 ob
896 1324 961 1405 hoc,
985 1343 1059 1403 quae
1077 1342 1145 1405 per-

135 1415 254 1493 erravit,
277 1431 336 1473 non
359 1418 419 1472 tam
443 1414 606 1490 suspicioni
629 1430 717 1491 mam
740 1412 859 1490 [luisse]
885 1415 1049 1495 suspectui3
1076 1420 1106 1475 et
1129 1432 1145 1473 a

133 1501 252 1562 fortuna
275 1519 380 1580 regum
403 1500 461 1560 sibi
487 1502 519 1560 in
547 1500 684 1561 omnibus
708 1501 927 1562 obsecundante
952 1502 1003 1562 illa
1030 1509 1146 1563 tantum

132 1588 278 1652 beneficia
307 1597 492 1670 poscentem,
525 1607 599 1668 quae
627 1608 711 1668 mage
739 1593 778 1650 sit
806 1598 907 1652 suetus
936 1591 1033 1652 oblata
1059 1609 1185 1670 prae-15

134 1686 213 1740 stare
246 1698 334 1758 quam
366 1696 493 1739 sumere.
544 1677 572 1740 6.
598 1679 668 1758 quid
696 1677 820 1740 multis?
852 1683 878 1739 si
904 1698 975 1740 vera
1004 1683 1145 1741 metimur

134 1771 395 1848 aestimamusque,
432 1768 494 1827 fors
526 1768 588 1828 luat
624 1787 661 1828 an
698 1768 867 1848 philosophi
902 1771 979 1829 vitae
1016 1771 1145 1848 scriptor

134 1857 265 1936 aequalis
288 1858 432 1916 maiorum
455 1855 640 1934 temporibus
664 1860 832 1939 accesserit,
855 1864 935 1918 certe
954 1875 1008 1936 par
1027 1856 1143 1918 saeculo

133 1964 200 2006 meo
223 1952 330 2024 perte
353 1945 447 2005 lector
469 1945 596 2007 obvenit
642 1945 714 2007 vale.

610 2154 666 2220 IV.

297 2275 463 2331 SIDONIUS
483 2275 688 2333 CONSENTIO
709 2276 777 2332 SUO
797 2277 978 2333 SALUTEM.
1157 2297 1184 2336 ao

200 2386 228 2451 1.
251 2389 435 2468 Umquamne
458 2408 513 2450 nos
536 2390 584 2451 dei
608 2398 691 2471 nutu,
714 2391 832 2451 domine
856 2393 958 2472 maior,
981 2411 1040 2452 una
1062 2392 1143 2452 vide-

130 2477 175 2538 bit
197 2478 247 2538 ille
275 2497 345 2558 ager
372 2486 442 2540 tuus
466 2478 655 2559 Octavianus,
683 2498 738 2539 nec
765 2487 835 2541 tuus
858 2487 973 2541 tantum
1000 2487 1142 2561 quantum

131 2564 318 2628 amicorum?
360 2571 411 2647 qui
443 2570 554 2629 civitati
590 2569 678 2629 lluvio
710 2571 786 2628 mari
821 2572 974 2647 proximus
1010 2569 1142 2649 hospites

131 2656 236 2736 epulis,
259 2663 288 2716 te
311 2659 407 2734 pascit
429 2656 606 2738 hospitibus,
628 2664 747 2736 praeter
769 2656 842 2717 haec
862 2657 955 2718 oculis
974 2660 1142 2719 intuentum

132 2745 345 2824 situdecorus,
368 2747 499 2824 primore
518 2747 592 2826 loco,
611 2746 689 2824 quod
709 2745 890 2805 domIcilium
908 2745 1072 2825 parietibus
1090 2747 1141 2807 ad·
1156 2764 1182 2805 aa

8 2901 16 2910 ,
130 2832 245 2892 tollitur
259 2832 295 2892 ad
311 2836 526 2895 concinentlam
537 2835 652 2895 scilicet
661 2835 922 2894 architectonicam
932 2834 1013 2895 fabre
1023 2834 1141 2916 locatio,

131 2929 193 2981 tum
226 2923 355 2980 sacrario
386 2923 551 3001 porticibus
584 2943 617 2984 ac
648 2924 773 2983 thermis
803 2922 1053 3003 conspicabilibus
1083 2924 1141 2984 late

131 3027 304 3090 coruscans3
336 3009 371 3069 ad
399 3010 455 3071 hoc
483 3015 562 3091 agris
586 3014 738 3094 aquisque,
770 3014 877 3073 vinetis
905 3020 991 3091 atque
1016 3012 1141 3093 olivetiS,

129 3098 275 3160 vestibulo
299 3117 403 3178 campo
422 3099 496 3160 colle
516 3103 756 3182 amoenissimus3
778 3103 836 3161 iam
859 3120 948 3180 super
966 3120 1077 3180 penum
1095 3102 1142 3162 vel

130 3188 344 3266 supellectilem
368 3191 517 3268 copiosam
539 3190 687 3250 thesauris
709 3189 967 3251 bibliothecalibus
990 3190 1070 3269 large
1094 3209 1140 3250 re·
1154 3213 1181 3252 ao

129 3277 236 3359 sertus,
264 3277 316 3337 ubi
344 3279 408 3356 ipse
437 3279 507 3338 dum
535 3297 594 3339 non
617 3281 715 3339 minus
744 3280 811 3340 stilo
841 3299 928 3358 quarn
956 3281 1068 3340 vomeri
1095 3282 1140 3340 in-

200 3419 216 3466 3
235 3412 402 3467 bracmanas
421 3414 491 3483 ΕΝ,
509 3414 679 3484 bragmanos
694 3416 733 3469 M
736 3415 786 3469 OT
797 3419 807 3483 ll
823 3420 855 3468 13
874 3415 961 3469 luisse
980 3417 1040 3470 secl.
1055 3416 1139 3471 Ioer-

128 3484 232 3550 lohoac
255 3485 258 3557 l
284 3485 385 3552 aLT,
404 3503 463 3556 coep.
479 3486 530 3555 Νι,
548 3504 597 3541 om,
613 3486 676 3541 ΜΟ
699 3489 708 3556 l
736 3485 1032 3545 abarchitacboricam
1052 3487 1105 3542 OT
1130 3488 1140 3561 ll
1187 3498 1190 3502 ’

128 3560 161 3610 31
181 3555 249 3609 dum
267 3573 317 3611 om.
338 3556 411 3628 O'I'll
