2660 4030
189 202 255 267 120
552 200 660 254 LIBER
678 199 842 266 QUINTUS.

187 352 280 413 lulius
299 351 407 431 Nepos,
430 351 520 411 armis
543 352 655 430 pariter
679 367 812 410 summus
831 348 981 428 Augustus
1005 370 1038 411 ac
1057 351 1207 432 muribus,

189 441 268 521 quod
292 439 458 500 decessoris
481 438 631 500 Anthemii
654 438 742 498 tidem
765 438 865 498 fratris
884 441 928 499 tui
948 438 1106 500 sudoribus
1127 438 1205 500 obli-

189 540 294 610 gatam,
318 547 375 607 quo
395 530 525 608 citerior,
547 528 604 588 hoc
622 525 797 587 laudabilior
815 526 954 609 absolvit,
978 528 1125 608 siquidem
1145 531 1207 589 iste

189 617 359 699 complevit,
387 617 465 696 quod
494 616 543 677 ille
567 617 740 695 saepissime
762 614 964 694 pollicebatur.
1010 635 1069 696 quo
1092 618 1141 698 fit,
1168 625 1208 678 ut

162 708 330 786 sdeinoeps
353 724 407 785 pro
435 704 587 787 republica
610 707 739 785 optimus
763 706 889 784 quisque
911 707 1008 786 possit
1030 725 1064 766 ac
1088 705 1208 787 debeat,

190 798 217 856 si
240 796 311 875 quid
335 797 462 874 cuipiam
486 796 595 855 virium
614 801 668 874 est,
692 795 760 872 quia
780 811 912 876 securus,
935 794 1005 855 hinc
1024 795 1127 866 avidus
1146 797 1206 855 im·
1304 839 1305 844 η

189 885 335 965 pendere,
363 883 601 964 quandoquidem
628 889 745 943 mortuo
774 901 891 961 quoque
920 884 1098 962 imperatore
1122 883 1207 944 labo·

189 983 307 1035 rantum
335 973 484 1033 devotioni
514 971 654 1051 quicquid
683 971 876 1050 spoponderit
902 974 1056 1053 princeps,
1083 990 1208 1052 semper

190 1061 327 1124 redhibet
349 1063 541 1140 principatus.
575 1059 604 1123 3.
624 1062 739 1120 interea·
756 1069 798 1141 tu,
821 1062 848 1120 si
866 1061 1003 1121 allectum
1022 1070 1107 1122 tuum
1125 1060 1206 1122 bene

148 1169 175 1209 m
193 1152 312 1232 colligo,
339 1150 421 1210 hisce
449 1152 610 1228 compertis
637 1167 776 1228 magnum
804 1147 946 1210 solacium
972 1151 1052 1210 inter
1081 1149 1207 1211 adversa
1305 1153 1306 1174 ¹

189 1243 316 1302 maxima
344 1241 424 1318 capis
454 1257 509 1300 nec
537 1240 668 1299 animum
695 1244 779 1298 tuum
807 1256 823 1297 a
851 1240 968 1298 tramite
1002 1240 1204 1300 communium

190 1329 364 1408 gaudiorum
382 1329 495 1388 vicinae
515 1345 631 1407 quoque
652 1326 814 1387 obsidionis
833 1333 931 1387 terror
949 1326 1104 1389 exorbitat.
1134 1330 1205 1388 novi
1306 1399 1307 1410 ,

190 1420 270 1478 enim
293 1415 385 1495 probe
408 1435 446 1476 ne
469 1435 535 1477 meo
560 1415 679 1495 quidem
703 1424 746 1496 te,
774 1433 862 1494 quem
885 1435 921 1476 ex
944 1414 1009 1495 lege
1032 1419 1204 1497 participas,

190 1509 234 1566 sic
252 1506 363 1566 honore
383 1505 529 1587 laetatam,
552 1507 629 1586 quia,
647 1505 718 1565 licet
737 1506 778 1564 sis
797 1522 872 1564 uxor
889 1503 975 1585 buna,
994 1524 1079 1565 soror
1093 1508 1205 1584 optima

150 1609 175 1650 15
191 1614 232 1655 es.
279 1613 335 1673 qua
364 1594 400 1655 de
427 1613 460 1654 re
487 1596 616 1673 propitio
645 1593 700 1654 deo
725 1591 842 1653 Christo
866 1593 1019 1673 ampliatos
1047 1597 1204 1674 prosapiae
1307 1638 1308 1644 1

189 1693 257 1745 tuae
280 1683 381 1744 titulos
405 1702 459 1762 ego
482 1684 608 1744 festinus
632 1684 801 1761 gratatoriis
824 1682 957 1760 apicibus
980 1685 1129 1764 inscripsi,
1152 1702 1203 1762 pa-

190 1775 264 1834 riter
282 1772 438 1833 absolvens
457 1771 687 1833 sollicitudinem
705 1780 796 1851 tuam,
815 1770 916 1831 fratris
935 1771 1094 1853 pudorem;
1114 1790 1205 1850 quem

189 1861 233 1923 nil
256 1862 292 1922 de
315 1864 435 1941 propria
459 1861 601 1940 dignitate
624 1861 833 1940 indicaturum,
857 1861 882 1919 si
901 1861 1102 1921 verecundum
1125 1861 1204 1922 forte

189 1953 332 2031 nescires,
351 1969 406 2010 nec
426 1952 468 2010 sie
487 1950 612 2029 impium
625 1949 781 2010 indicares.
814 1944 844 2008 4.
860 1966 914 2027 ego
928 1967 998 2010 vero
1013 1968 1073 2010 non
1087 1957 1205 2011 tantum

150 2054 176 2094 ao
190 2038 358 2119 insignibus
381 2041 497 2119 vestriS,
520 2056 595 2118 quae
618 2044 651 2098 tu
674 2037 817 2098 hactenus
841 2045 949 2116 qrranto
974 2037 1097 2099 liberius
1120 2046 1205 2100 tanto

190 2130 381 2207 inpatientius
395 2126 613 2206 praestolabare
628 2119 820 2208 (quamquam
834 2126 880 2186 his
894 2144 1011 2206 quoque
1027 2121 1208 2212 granditer),

191 2224 332 2295 quantum
366 2215 522 2276 concordia
554 2215 650 2296 fruor,
683 2234 770 2295 quam
802 2233 905 2294 parem
937 2218 1047 2276 nostris
1081 2219 1206 2296 suisque

190 2304 293 2366 liberis
317 2307 348 2365 in
371 2310 524 2383 posterum
547 2310 667 2383 exopto,
694 2306 769 2364 votis
798 2306 1008 2365 incommune
1032 2305 1208 2386 deposcenS,

191 2402 239 2475 ut,
271 2396 349 2454 sicut
379 2410 434 2453 nos
466 2401 622 2472 utramque
650 2393 790 2453 familiam
817 2399 948 2454 nostram
978 2394 1208 2472 praefectoriam

151 2497 178 2537 aa
192 2485 293 2543 nancti
321 2483 409 2542 etiam
432 2484 586 2561 patriciam
612 2482 711 2542 divino
735 2482 832 2541 lavore
856 2481 1055 2562 reddidimus,
1083 2485 1124 2544 ita
1146 2484 1209 2562 ipsi

193 2590 281 2651 quam
305 2573 471 2650 suscipiunt
493 2573 657 2652 patriciam,
679 2571 788 2632 faciant
811 2569 1006 2631 consularem.
1044 2569 1074 2632 5.
1097 2570 1206 2632 Roscia

192 2660 308 2741 salutat,
331 2678 402 2721 cura
421 2663 599 2741 communis;
624 2679 699 2739 quae
722 2662 754 2719 in
772 2661 853 2720 aviae
873 2662 1088 2739 amitarumque
1108 2660 1207 2722 indul-

192 2752 364 2830 gentissimo
389 2752 465 2831 sinu,
480 2750 566 2829 ,quod
590 2767 657 2810 raro
680 2747 838 2826 nepotibus
863 2751 1008 2828 contingit
1030 2748 1152 2831 alendis,
1176 2757 1209 2809 et

193 2857 260 2900 cum
280 2841 436 2900 severitate
455 2841 594 2919 nutritur,
613 2856 670 2916 qua
690 2845 788 2897 tamen
807 2844 943 2897 tenerrun
964 2856 1024 2899 non
1038 2839 1208 2899 infirmatur

152 2943 178 2983 ³0
192 2947 296 2990 aevum
320 2928 372 2989 sed
395 2928 571 2989 informatur
595 2928 755 3006 ingenium.
790 2925 863 2986 vale.

264 3123 280 3170 3
300 3116 382 3171 citior
401 3115 577 3186 Iaeetjobouu
590 3118 630 3186 116
650 3113 775 3186 securus]
801 3117 978 3170 assecuturus
1000 3117 1025 3169 Τ
1037 3119 1075 3178 118
1096 3132 1208 3186 semper

191 3206 241 3245 om.
260 3189 305 3258 Τ11
321 3193 355 3240 14
368 3195 432 3258 post
450 3203 529 3242 soror
547 3188 595 3258 lep.
610 3202 721 3255 quoque
734 3189 766 3240 iu
782 3186 824 3256 011
840 3191 872 3240 15
892 3187 944 3241 deo
959 3203 1010 3242 om.
1022 3189 1068 3256 Τ1
1082 3194 1115 3241 23
1130 3187 1206 3242 votis

193 3260 231 3314 Μ
235 3260 292 3329 OT,
310 3258 379 3312 totis
394 3259 421 3314 L
439 3265 465 3314 et
484 3263 564 3328 (corr.
579 3260 611 3313 iu
623 3261 698 3314 votis
713 3258 746 3311 N
748 3259 767 3324 ¹)
774 3257 809 3311 N
808 3280 819 3325 ;
837 3259 872 3326 cf.
882 3258 990 3312 Iaocau
1005 3259 1048 3325 II,
1063 3261 1117 3314 533
1131 3257 1206 3313 volis

192 3331 335 3400 deposcite
353 3347 477 3399 pugnam
492 3332 549 3398 1125
567 3329 645 3383 necti
666 3329 718 3384 GT
730 3330 739 3397 11
753 3334 787 3383 26
802 3335 865 3397 post
882 3329 986 3383 Roscia
1004 3330 1052 3399 lep.
1072 3332 1102 3383 te
1120 3331 1152 3384 iu
1166 3331 1193 3383 Τ
1196 3353 1208 3400 ‚-

192 3404 228 3471 cf.
242 3419 282 3472 ep.
297 3403 424 3470 111,2,1
439 3405 447 3469 1
461 3404 496 3454 28
511 3400 620 3455 alendis
635 3400 824 3468 Walamowe'tz,
845 3398 945 3453 alienis
959 3399 1087 3470 LNOT,
1107 3400 1158 3457 ali.
1168 3400 1206 3455 .is

192 3477 224 3539 (2
243 3474 294 3527 litt.
313 3489 381 3526 eros.
397 3471 502 3540 M¹)M
512 3474 522 3541 11
