2614 4030
506 226 721 283 PRAEFATIO.
1046 229 1119 284 XLV

66 378 175 436 exitu
207 395 313 436 versus
337 384 369 437 et
386 380 446 437 iam
471 376 602 436 scribere
625 375 733 436 malim.
757 411 799 419 —
823 375 932 457 vnit
957 385 1119 456 praeeunte

71 463 313 545 Luetjohanno
338 471 430 526 totum
454 467 570 546 recepi3
591 483 659 525 uam
681 483 737 526 nec
755 473 854 526 uotum
873 484 928 526 nec
946 484 1051 528 vocum
1071 485 1120 526 ex-

69 553 211 633 plicari
234 560 346 634 potest;
370 561 471 615 notum
494 561 601 635 antem,
625 554 703 633 quod
723 555 885 615 —nescio
910 554 1017 634 quibus
1039 555 1119 616 codi-

72 643 192 704 cibus
211 642 354 704 traditum
373 677 415 684 —
435 641 547 723 aliquot
566 643 711 703 editiones
729 641 840 703 habent
859 643 996 722 quodque
1016 642 1120 705 Gallici

70 734 285 812 interpretes
319 733 362 792 sio
393 738 526 792 vertunt:
559 727 591 791 ‘tt
624 731 691 793 n'eu
723 733 837 792 revient
870 731 905 791 de
933 730 1001 812 plns
1028 736 1044 793 a
1071 751 1119 793 ma

74 821 198 900 gloire
230 820 267 880 de
294 815 408 901 poete',
440 820 477 880 ob
505 820 535 881 id
563 823 662 899 ipsum
691 823 790 881 minus
819 820 963 900 quadrare
991 821 1119 901 videtur,

76 910 182 988 quod
207 908 342 989 pluralis,
365 927 425 970 non
449 909 608 988 singularis
628 927 770 970 numerus
789 908 905 989 legitur.
926 945 967 952 —
987 909 1035 991 IX,
1054 909 1119 972 110

77 1004 290 1061 esculentam
313 1015 373 1057 non
396 1005 509 1059 temere
533 999 707 1059 mutandum
731 1005 789 1078 cst,
816 1016 884 1058 cum
911 997 977 1058 aliis
1001 1016 1119 1078 quoque

79 1087 177 1148 locis
202 1087 292 1148 huius
319 1087 456 1147 adiectivi
484 1087 561 1167 apud
585 1087 739 1148 Sidonium
767 1105 839 1148 usus
869 1086 1045 1148 insolentior
1073 1091 1119 1148 sit.

83 1176 276 1256 Usurpatur
299 1178 379 1236 euim
403 1184 432 1236 et
456 1175 491 1236 de
514 1176 684 1238 hominibus
703 1175 859 1236 voracibus
878 1176 1012 1255 cibisque
1031 1179 1120 1237 nimis

86 1266 236 1345 refertis,
260 1271 293 1324 ul
317 1283 361 1344 ep.
381 1264 426 1346 IV,
446 1264 475 1346 7,
493 1263 527 1346 23
551 1285 576 1325 c.
596 1265 657 1346 XII,
676 1263 705 1347 6,
730 1270 759 1324 et
778 1264 815 1325 de
833 1263 932 1345 rebus,
956 1271 989 1325 ut
1007 1284 1052 1345 ep.
1072 1265 1120 1346 III,

90 1352 198 1435 13‚6
227 1357 382 1415 esculenta
410 1358 557 1435 ructatio,
587 1373 645 1433 quo
669 1373 704 1414 ex
733 1372 790 1415 usu
818 1361 882 1414 orta
910 1372 976 1414 esse
1003 1355 1120 1415 videtur

90 1445 187 1503 notio
212 1442 315 1502 laedae
338 1445 516 1516 voracitatis
541 1461 615 1521 quae
639 1445 670 1503 in
694 1442 772 1504 huno
795 1442 893 1503 locum
916 1445 1027 1522 optime
1051 1462 1120 1504 cou-

93 1534 194 1592 venit.
224 1565 266 1573 -
296 1530 336 1591 lb.
358 1529 421 1594 198
454 1531 615 1592 verisimile
648 1539 694 1592 est
726 1531 893 1592 oblitterata
925 1530 974 1592 illa
1007 1532 1121 1614 lacuna,

98 1639 175 1681 cum
200 1619 316 1680 librarii
338 1620 415 1680 hano
438 1639 541 1681 vocem
568 1620 603 1680 ad
632 1639 706 1697 qnos
729 1619 915 1680 referendam
943 1638 1008 1681 esse
1036 1628 1120 1701 puta·

100 1717 183 1790 rent,
207 1711 280 1770 deos
302 1726 356 1788 pro
381 1713 468 1771 deam
492 1711 659 1789 irrepsisse.
679 1743 720 1750 —-
742 1708 783 1769 Ib.
804 1705 869 1770 285
893 1707 957 1768 coll.
977 1729 1000 1770 c.
1019 1709 1122 1789 XXIII,

44 1823 48 1830 ·
102 1796 181 1879 207,
205 1797 259 1859 ubi
276 1815 355 1858 uuus
374 1798 398 1857 'l'
416 1803 532 1860 vitreae
550 1798 671 1859 exhibet
690 1792 735 1881 (at
752 1795 996 1857 Helmstadiensis
1015 1793 1121 1881 attrei)

100 1895 209 1964 potato
230 1888 516 1965 ...Hippocrene
543 1888 670 1948 restitui.
721 1886 844 1947 Videtur
874 1888 953 1946 enim
982 1885 1120 1948 Sidonius

103 1977 160 2036 hoc
181 1993 292 2036 nomen
306 1975 434 2036 naturali
449 1974 716 2056 genere-neglecto,
740 1993 807 2035 eum
821 1973 925 2035 Latina
944 1976 1120 2054 significatio

105 2067 171 2125 eius
200 2066 299 2125 animo
329 2064 550 2145 obversaretur,
577 2083 631 2144 pro
659 2062 824 2124 masculino
852 2063 991 2125 habuisse
1020 2058 1071 2148 (cl.
1096 2085 1120 2126 c.

103 2151 218 2234 xvia
242 2153 338 2229 sontis
365 2147 493 2237 equini).
539 2153 710 2233 Comparari
738 2160 837 2232 potest
864 2153 952 2215 huius
981 2157 1120 2215 carminis

103 2263 127 2302 r.
148 2239 203 2323 53,
227 2241 280 2302 ubi
299 2251 401 2303 actum
420 2242 532 2303 dictum
552 2249 607 2323 est,
630 2260 808 2322 quamquam
824 2247 940 2318 prolem
960 2244 1121 2325 antecedit,

103 2351 127 2392 v.
147 2329 324 2391 Xuehnerl
348 2331 367 2408 ξ
387 2329 439 2412 57,
460 2330 501 2393 12
526 2326 567 2416 (p.
590 2325 676 2414 170).
702 2365 739 2374 -
764 2330 805 2390 Ib.
826 2328 891 2392 324
914 2331 950 2391 de
971 2331 1122 2408 frnarant

104 2441 128 2480 v.
160 2439 206 2499 ep,
237 2417 313 2500 VIII,
341 2418 397 2502 14,
416 2419 444 2480 4.
479 2455 521 2464 -
552 2420 593 2481 lb.
619 2417 683 2482 332
716 2421 752 2480 de
786 2428 885 2480 tomen
998 2424 1054 2482 sed
1084 2423 1120 2481 cl.

104 2529 130 2570 c.
149 2507 251 2589 XXIV,
268 2506 334 2570 498
359 2503 401 2592 (si
424 2528 481 2588 qna
504 2511 666 2570 mutatione
690 2511 721 2569 in
745 2508 792 2568 his
815 2509 950 2570 versibus
974 2528 1048 2588 opus
1068 2517 1121 2590 est,

104 2618 130 2659 v.
152 2594 219 2660 336
242 2596 343 2657 malim
366 2601 436 2659 novi
457 2606 507 2659 snt
529 2601 619 2670 benc;
643 2598 695 2658 sed
714 2616 751 2658 ne
770 2597 826 2657 hoc
846 2598 966 2676 quidem
985 2617 1120 2659 necessa-

104 2690 185 2747 rium
209 2680 350 2769 videtur).
364 2720 409 2730 —
428 2686 574 2748 Carminis
597 2686 638 2746 XI
660 2689 778 2747 initium
802 2685 982 2748 obscuritate
1000 2686 1121 2766 plenum

105 2794 173 2836 esse
193 2774 416 2854 Luetjohannus
440 2784 520 2837 recte
543 2783 656 2858 monet,
682 2777 733 2836 sed
757 2775 836 2835 idem
860 2781 981 2854 apparet
1004 2775 1120 2836 duobus

105 2864 181 2925 locis
207 2866 335 2942 graviter
358 2873 532 2944 corruptum
554 2883 627 2925 esse.
673 2865 711 2925 Et
733 2867 764 2924 in
783 2883 808 2924 v.
830 2862 869 2925 11
891 2863 1011 2941 quidem
1029 2866 1122 2924 miror

106 2971 175 3014 eum
199 2956 383 3029 mirumque,
413 2954 491 3033 quod
519 2957 591 3014 iam
600 2954 717 3034 pridem
741 2953 930 3013 scribendum
959 2970 1024 3012 esse
1053 2972 1121 3013 con-

108 3045 253 3122 ieceram,
284 3060 344 3101 non
374 3045 537 3124 recepisse,
570 3062 637 3104 cum
666 3041 796 3103 dubitari
823 3059 881 3101 non
910 3043 1017 3122 possit,
1050 3045 1122 3120 quin

107 3149 213 3192 verum
237 3133 284 3190 sit.
330 3131 416 3192 Aliud
439 3139 538 3192 tamen
562 3139 649 3211 atque
672 3132 703 3191 id
726 3133 821 3190 maius
845 3131 986 3190 mendum
1004 3133 1035 3190 in
1057 3151 1081 3193 v.
1102 3130 1123 3193 5

111 3223 198 3300 inest,
220 3219 274 3280 ubi
294 3219 385 3280 verba
407 3229 559 3283 ructatum
585 3224 627 3282 ad
648 3239 748 3281 ronco
772 3220 904 3280 Maleam
928 3223 1009 3280 omni
1033 3239 1123 3282 sensu

109 3315 217 3370 carent.
265 3307 321 3369 Cui
344 3310 458 3371 mederi
486 3316 609 3371 conatus
637 3327 717 3390 sum,
746 3325 814 3368 oum
842 3311 971 3386 primum
998 3310 1120 3389 probata

110 3396 285 3459 Buecheleri
303 3401 450 3459 sententia
474 3416 614 3459 versuum
637 3399 735 3478 quarti
758 3404 788 3457 et
807 3399 902 3476 quinti
921 3398 1055 3460 ordinem
1075 3402 1121 3459 in·

111 3489 194 3568 verti,
218 3486 325 3546 deinde
349 3495 520 3550 ructantem
544 3489 659 3566 scripsi.
703 3489 835 3548 Maleam
858 3488 889 3546 in
912 3487 967 3547 hac
991 3488 1122 3568 descrip-

110 3579 187 3636 tione
221 3577 352 3654 regionis
384 3577 469 3656 plane
508 3575 657 3637 fabulosae
691 3595 745 3655 pro
779 3577 883 3655 quovis
915 3580 1122 3655 promunturio
