2628 4034
521 221 673 276 canubii
690 221 724 278 V.

204 374 236 432 in
259 389 388 451 pugnam
411 373 507 451 pirata
530 373 602 432 coit:
625 389 694 450 pars
717 370 807 432 lintre
831 377 930 431 cavata

205 464 264 521 iam
287 459 398 521 dociles
422 462 543 539 exponit
566 478 668 542 equoS,
690 478 759 539 pars
783 460 879 520 terrea
902 466 982 520 texta

128 563 186 612 400
205 549 344 610 concolor
366 549 508 630 induitur,
531 556 642 610 teretes
665 567 734 628 pars
758 548 886 627 explicat
909 567 995 610 arcus

205 638 377 718 spiculaque
401 639 533 699 infusum
556 639 636 698 ferro
660 636 755 698 latura
777 655 933 718 venenum,

205 745 279 807 quae
303 728 410 788 feriant
433 727 480 788 bis
503 729 596 788 missa
619 726 719 787 semel.
763 729 821 787 iam
844 726 957 788 textilis
981 729 1085 805 anguis

206 816 349 877 discurrit
371 834 425 896 per
448 823 605 895 utramque
629 817 731 895 aciem,
755 817 804 876 cui
827 823 928 894 guttur
952 817 1063 877 adactis

205 908 349 984 turgescit
372 904 521 986 zephyris3
544 904 644 984 patulo
668 906 812 965 mentitur
834 904 917 965 hiatu

130 1006 186 1055 405
205 997 311 1054 iratam
334 996 450 1073 pictura
473 994 589 1075 tamem,
612 1011 769 1073 pannoque
792 994 924 1054 furorem

205 1101 276 1144 aura
299 1083 377 1164 lacit,
401 1085 539 1162 quotiens
562 1091 713 1144 crassatur
734 1082 838 1142 vertile
861 1090 979 1162 tergum

204 1170 332 1252 flatibus,
356 1179 386 1232 et
408 1173 534 1232 nimium
557 1174 615 1232 iam
639 1190 699 1232 non
723 1174 802 1250 capit
824 1171 907 1232 alvus
930 1174 1027 1233 inane.

205 1268 234 1321 at
257 1259 328 1321 tuba
350 1263 498 1321 terrisono
523 1263 651 1340 strepuit
673 1279 760 1340 grave
784 1279 873 1321 rauca
896 1261 1023 1343 fragore,

205 1356 362 1428 responsat
385 1349 495 1410 clamor
518 1349 611 1431 lituis,
633 1352 787 1429 virtusque
811 1357 934 1428 repente

132 1449 186 1499 410
205 1441 318 1517 ignavis
340 1438 387 1500 vel
409 1457 498 1518 parva
521 1439 601 1499 lurit
648 1438 726 1498 cadit
749 1438 881 1517 undiquc
904 1439 1026 1521 ferrum,

204 1528 273 1588 binc
296 1535 394 1589 tamen
418 1530 449 1588 in
472 1527 602 1607 iugulos:
625 1527 705 1588 bunc
727 1533 805 1587 torta
827 1526 946 1588 falarica
968 1530 1048 1589 iactu

204 1619 338 1697 proterit,
362 1616 397 1678 ad
421 1624 548 1678 mortem
570 1619 618 1676 vix
642 1623 794 1677 cessatura
818 1617 990 1698 secundam3

204 1705 283 1766 bunc
307 1708 387 1767 conti
410 1713 487 1767 rotat
509 1708 601 1787 ictus3
625 1723 702 1785 equo
725 1707 787 1766 ruit
809 1704 910 1785 aclyde
934 1705 1033 1766 100000

205 1793 254 1854 1110
276 1813 407 1874 veruque
431 1795 519 1876 alius;
542 1797 618 1856 iacet
641 1795 690 1854 hic
713 1793 802 1855 simul
825 1793 893 1854 alite
916 1794 985 1874 telo,

133 1894 185 1942 410
204 1882 357 1944 absentem
379 1902 485 1963 passus
508 1885 655 1964 dextram,
678 1902 748 1963 pars
771 1882 882 1962 poplite
907 1891 988 1944 secto

203 1973 309 2032 mortis
333 1972 369 2032 ad
392 1973 533 2034 invidiam
556 1975 636 2053 vivit,
658 1980 832 2052 partemque
856 1970 973 2033 cerebri

204 2060 253 2121 hic
277 2059 376 2138 galeae
400 2080 467 2122 cum
490 2069 574 2141 parte
598 2064 684 2144 rapit,
707 2062 836 2141 fortique
860 2060 970 2122 lacerto

205 2148 322 2209 dissicit
344 2152 466 2228 ancipiti
488 2149 657 2212 miserabile
682 2153 813 2230 sinciput
835 2168 915 2210 ense.

205 2244 238 2298 ut
261 2239 391 2316 primum
414 2240 509 2299 versis
532 2239 582 2300 dat
604 2247 721 2319 tergum
743 2239 890 2301 Vandalus
914 2241 1014 2320 armiS,

135 2339 186 2388 420
206 2326 339 2387 succedit
362 2327 469 2388 caedes
490 2345 619 2406 pugnae:
643 2329 814 2390 discrimine
837 2328 919 2389 nullo

206 2422 380 2477 sternuntur
402 2418 513 2496 passim
537 2419 657 2497 campis,
681 2424 711 2477 et
732 2418 820 2477 fortia
844 2436 978 2497 quaeque

205 2497 276 2566 lecit
298 2507 388 2566 iners
433 2505 601 2584 trepidante
624 2506 692 2583 iuga
715 2523 796 2565 mare
820 2504 948 2584 pallidus
971 2509 1066 2568 intrat

206 2601 235 2654 et
257 2611 347 2654 naves
369 2596 532 2673 pertransit
556 2612 657 2674 eques,
680 2596 820 2672 turpique
844 2601 945 2654 natatu

206 2683 242 2742 de
265 2682 368 2761 pelago
392 2683 428 2744 ad
452 2682 586 2763 cymbam
609 2682 707 2743 rediit.
754 2683 798 2742 010
821 2685 910 2742 tertia
933 2682 1041 2762 Pyrrhi

137 2783 187 2832 425
207 2771 355 2850 quondam
377 2791 476 2852 pugna
499 2773 568 2833 luit:
592 2773 688 2833 caesis
711 2789 779 2831 cum
802 2769 923 2831 milibus
945 2770 1030 2831 illum

205 2859 349 2921 Dentatus
372 2869 529 2943 premeret,
553 2860 666 2922 lacerae
690 2863 738 2920 vix
762 2860 906 2938 fragmina
930 2859 1035 2921 classis

206 2951 296 3010 traxit
318 2952 350 3010 in
372 2949 505 3031 Epirum,
529 2953 581 3030 qui
604 2949 737 3010 Chaonas
761 2939 848 3028 atque
871 2948 1024 3030 Molossos,

207 3041 259 3118 001
282 3038 428 3099 Thracum
451 3039 657 3118 Macetumque
680 3056 786 3099 manus
809 3056 863 3117 per
886 3037 973 3099 litora
995 3046 1093 3100 vestra

208 3135 357 3206 sparserat
380 3135 410 3188 et
433 3131 518 3190 cuius
541 3131 620 3188 vires
644 3127 784 3188 Oenotria
806 3127 919 3206 pallens

140 3229 190 3277 430
209 3218 342 3297 ipsaque,
366 3235 440 3295 quae
464 3219 559 3297 petiit,
581 3217 780 3296 trepidaverat
802 3224 891 3277 uncta
914 3216 1069 3277 Tarentus.

191 3446 243 3494 410
261 3440 318 3495 fuit
335 3441 373 3494 M
391 3444 400 3512 ΙΙ
422 3447 474 3495 412
493 3441 614 3511 proterit
631 3442 818 3511 1000011000,
835 3441 955 3510 preterit
975 3440 1033 3511 GP,
1053 3456 1133 3510 prae·

125 3510 188 3565 terit
206 3513 243 3566 M
247 3513 271 3566 T
277 3513 307 3567 F
318 3514 327 3580 tl
341 3519 392 3568 417
412 3513 478 3568 hino
497 3512 525 3566 P
536 3517 545 3584 tt
559 3518 611 3568 418
631 3512 741 3568 dissicit
754 3515 804 3585 M]
824 3512 920 3568 disicit
940 3516 1019 3582 (corr.
1039 3529 1073 3568 00
1092 3511 1134 3565 di-

125 3581 190 3637 dicit
210 3583 403 3656 0001οΡ100
