2636 4032
220 161 265 226 94
572 162 680 218 LIBER
700 162 877 230 QUARTUS.

219 313 342 373 luserim
366 320 462 373 metro
481 331 575 390 nugas
594 313 672 372 mitti
691 320 836 391 oportere.
874 330 971 373 annuo
991 314 1143 394 iniunctis,
1166 317 1242 393 quia

220 402 328 480 dignus
352 419 398 483 es,
421 409 455 463 ut
477 401 546 462 talia
568 401 662 482 legas3
684 420 753 461 uam
777 419 897 462 carmen
920 403 1028 484 ipsum,
1051 401 1131 481 quod
1155 421 1241 465 nuuc

220 509 236 551 e
256 491 392 551 manibus
411 490 547 570 elabitur,
569 497 629 550 tam
648 491 833 551 rusticanum
856 498 902 551 est
919 497 1039 574 tamque
1057 492 1241 575 impolitum,

220 587 253 640 ut
275 579 323 640 me
346 599 406 640 non
424 579 497 640 illud
517 579 553 640 ad
571 578 671 639 villam
689 579 741 640 sed
760 580 859 658 potius
878 597 894 639 e
913 578 981 640 villa
1000 581 1117 641 mittere
1137 588 1238 660 putes

194 667 250 730 ⁶4.
274 668 428 730 basilicam
455 670 551 730 sancti
577 668 727 746 pontificis
755 667 994 747 confessorisque
1021 667 1141 730 llartini
1164 669 1240 731 Per-

217 764 326 839 petuus
346 761 513 838 episcopus,
532 757 725 836 dignissimus
744 763 825 817 tanto
839 757 1052 836 prodecessore
1068 776 1239 840 successor,

217 847 344 909 mtrltum
380 849 475 927 priori
507 864 581 925 quae
619 846 675 906 luit
710 844 853 906 hactenus
881 848 1075 926 capaciorem
1106 850 1238 908 novavit.

217 953 356 1015 magnum
375 943 430 1017 est,
453 942 486 996 ut
505 936 613 1016 lerunt,
637 933 1011 1017 opusnominandumque,
1034 935 1112 1015 quod
1129 938 1162 996 in
1180 936 1240 997 ho-

217 1043 321 1086 norem
339 1025 406 1089 talis
422 1027 478 1085 viri
494 1025 604 1085 lactum
622 1023 690 1084 talis
709 1025 754 1083 vir
772 1024 878 1084 iecisse
897 1022 1042 1085 debuerit.
1079 1024 1169 1086 buius
1185 1044 1240 1087 me

178 1128 204 1169 ro
217 1113 380 1193 parietibus
409 1113 574 1174 inscribere
598 1112 785 1193 supradictus
809 1112 947 1173 sacerdos
970 1113 1027 1173 boc
1049 1115 1240 1192 epigramma

217 1203 375 1284 compellit,
399 1203 477 1282 quod
500 1201 680 1282 recensebis,
703 1209 736 1262 ut
759 1209 805 1262 est
826 1203 858 1262 in
878 1201 935 1283 his,
958 1220 1161 1282 quaecumque
1180 1204 1239 1264 de-

216 1295 323 1373 poscit,
340 1291 494 1372 privilegio
514 1293 646 1352 caritatis
665 1292 938 1370 imperiosissimus.
949 1359 954 1370 ,
967 1286 996 1352 5.
1012 1287 1099 1370 atque
1116 1293 1239 1353 utinam

217 1380 303 1441 molis
322 1380 402 1441 illius
416 1398 554 1460 pompam
572 1382 633 1440 sive
653 1380 774 1440 donaria
788 1378 862 1439 nibil
875 1379 965 1440 buius
980 1379 1115 1458 obsequii
1129 1386 1241 1461 tmpet

217 1468 339 1552 oblati03
358 1469 437 1549 quod
457 1487 543 1530 secus
562 1469 625 1530 lore
644 1468 806 1548 plurimum
820 1470 920 1549 timeo,
938 1470 998 1528 nisi
1012 1468 1137 1529 forsitan
1152 1471 1239 1531 inter

177 1572 203 1614 15
217 1561 315 1620 omnia
338 1567 461 1620 venusta
485 1560 528 1618 sic
551 1560 771 1638 epigrammatis
794 1559 881 1618 istius
904 1555 1029 1618 foeditas
1050 1557 1175 1640 placeat,
1200 1569 1240 1620 ut

215 1649 300 1727 niger
332 1665 442 1716 naevus
471 1645 595 1709 candido
624 1648 655 1706 in
683 1665 821 1728 corpore,
854 1647 905 1725 qui
933 1646 1054 1726 quidem
1082 1646 1159 1707 solet
1187 1651 1238 1710 sic

215 1737 312 1798 lacere
343 1739 438 1798 risum
471 1735 549 1816 quod
582 1737 717 1816 accipere
747 1736 929 1814 suffragium.
980 1734 1032 1795 sed
1061 1735 1132 1815 quid
1161 1736 1238 1798 hinc

215 1823 363 1906 amplius?
399 1845 476 1906 pone
505 1824 618 1886 fistulas
646 1827 711 1904 ipse
738 1827 883 1905 pastorias
912 1831 942 1884 et
965 1822 1075 1903 elegiae
1089 1815 1239 1907 nostrae,

215 1917 284 1994 quia
299 1915 382 1994 ¹pede
406 1915 560 1996 claudicat,
582 1932 703 1975 manum
725 1916 853 1993 porrige.

270 2056 390 2118 Martini
413 2074 521 2134 corpus
543 2057 615 2116 totis
638 2054 805 2116 venerabile
827 2057 926 2136 terris,

337 2146 369 2205 in
393 2163 451 2224 quo
474 2151 542 2224 post
564 2147 641 2205 vitae
664 2152 798 2224 tempora
821 2147 892 2204 vivit
914 2145 1018 2224 bonor,

270 2240 384 2295 texerat
405 2233 454 2293 bic
476 2235 607 2313 primum
629 2233 745 2313 plebeio
768 2233 903 2295 machina
926 2233 1016 2313 cultu,

338 2341 412 2401 quae
436 2322 601 2383 conlessori
624 2341 683 2383 non
707 2329 771 2383 erat
794 2341 886 2402 aequa
910 2340 977 2404 suo;

231 2424 246 2473 o
270 2431 326 2473 nec
349 2411 511 2472 desistebat
534 2413 613 2472 cives
637 2430 760 2472 onerare
784 2411 897 2491 pudore

338 2499 430 2580 gloria
454 2518 558 2579 magna
581 2503 650 2582 viri,
674 2503 767 2579 gratia
789 2518 878 2579 parva
901 2500 967 2561 loci.

270 2593 393 2651 antistes
417 2589 470 2650 sed
494 2592 545 2668 qui
567 2597 741 2651 numeratur
765 2596 866 2649 sextus
889 2588 926 2649 ab
949 2591 1013 2668 ipso

336 2679 452 2758 longam
474 2677 639 2758 Perpetuus
664 2677 783 2739 sustulit
805 2678 954 2758 invidiam,

269 2771 420 2830 internum
443 2786 599 2828 removens
622 2767 732 2828 modici
754 2766 905 2847 penetrale
929 2764 1030 2826 sacelli

212 2869 246 2919 10
336 2857 489 2936 amplaque
512 2864 590 2917 tecta
612 2855 712 2917 levans
736 2858 882 2916 exteriore
907 2855 1007 2936 domo;

269 2952 484 3024 creveruntque
509 2945 596 3006 simul
620 2944 714 3006 valido
737 2944 886 3005 tribuente
910 2951 1034 3024 patrono

335 3038 367 3095 in
391 3037 493 3114 spatiis
517 3034 612 3115 aedis,
635 3033 770 3094 conditor
793 3035 824 3093 in
847 3036 971 3114 meritis,

283 3246 298 3295 6
317 3240 516 3308 predecessore
535 3242 562 3295 L
579 3246 606 3295 et
629 3244 709 3308 (corr.
727 3241 760 3294 io
782 3239 1120 3310 praedecessorem,
1143 3259 1230 3311 pree-

211 3312 357 3367 decessore
376 3312 414 3366 M
417 3312 469 3367 OT
480 3314 518 3382 ll⁷
537 3310 627 3380 priori
646 3311 817 3381 LNVMT,
839 3310 931 3380 priore
953 3311 977 3367 0
986 3314 1025 3383 118
1045 3328 1116 3381 opus
1135 3329 1189 3370 orn.
1208 3317 1234 3372 G

211 3385 250 3453 119
269 3382 314 3438 vir
332 3399 382 3439 om.
400 3383 447 3452 011
467 3388 499 3437 13
518 3381 608 3454 illius]
626 3381 716 3452 ipsius
736 3381 865 3454 Ulnihil
882 3383 952 3453 LN,
971 3383 1013 3437 nil
1031 3383 1148 3454 Moru
1166 3404 1195 3441 v.
1210 3393 1229 3440 4

210 3457 279 3524 apta
298 3454 346 3520 01
369 3471 395 3508 v.
412 3461 427 3508 7
447 3453 497 3507 illo
519 3453 577 3522 OT,
594 3454 642 3508 vel
659 3454 721 3523 ipso
740 3470 760 3509 s.
781 3455 798 3508 l.
818 3455 882 3510 add.
903 3454 940 3509 T*
962 3457 972 3525 1
994 3459 1068 3510 v.12
1089 3455 1175 3510 aedes
1197 3457 1229 3512 in

211 3524 314 3594 spaciis
335 3524 376 3591 01
392 3524 471 3579 cedis
489 3524 559 3593 LN,
578 3524 662 3579 aedes
681 3525 718 3579 M
721 3525 774 3579 OT
785 3528 794 3595 11
