2614 4030
483 255 695 311 PRAEFATIO.
1005 258 1095 313 XXIX

61 414 152 485 gata
178 406 264 467 lectio
292 408 341 467 vix
368 413 467 485 potest
494 405 623 466 delendi.
668 405 735 484 lpse
758 405 822 466 coll.
847 424 892 484 ep.
911 405 960 487 IX,
978 403 1048 488 3,4
1075 426 1096 468 o

61 499 202 558 saeculi
217 499 315 557 lucris
338 496 522 556 conieceram
545 497 664 556 saeculi
684 498 771 556 lucro
800 493 991 556 scribendum
1020 513 1094 557 esse.

65 619 126 628 —
143 583 173 663 V,
192 581 222 664 9,
240 582 261 646 3
285 591 388 644 contra
406 583 430 642 L
448 602 484 644 ex
508 581 631 662 reliquis
655 574 808 644 codicibus
830 581 991 660 utriusque
1009 588 1095 645 resti-

65 676 138 733 tui.
161 705 203 715 -
227 672 259 754 V,
275 669 326 753 10,
344 671 365 734 2
389 676 450 733 ium
473 676 563 734 etiam
587 689 654 732 oum
677 671 755 749 apud
775 671 957 754 Ciceronem,
979 672 1094 734 Livium

70 755 138 844 (cl.
162 720 326 842 Zingerle,
335 757 389 821 ‘.kl
412 760 482 840 phil.
506 754 661 821 donandi?
684 759 766 840 le.
784 753 857 842 45),
880 760 1093 832 Quintilianum

69 853 266 940 inveniatur,
294 868 353 911 non
382 850 481 929 video,
511 867 565 910 cur
591 848 740 910 levissima
762 851 851 910 unius
875 849 897 910 C
921 854 1096 912 auctoritate

71 941 147 1000 nixi
175 959 192 1000 a
221 939 344 1000 Sidonio
372 937 585 999 abiudicemus.
630 938 751 999 Accedit
774 938 852 1017 quod
875 957 1096 1018 nonnumquam

75 1031 174 1089 etiam
198 1027 277 1107 apud
300 1029 482 1106 posteriores
511 1029 673 1106 scriptores
701 1029 844 1107 occurrit,
870 1036 904 1088 nt
933 1029 1008 1108 apud
1037 1029 1097 1090 lllc.

72 1118 156 1177 Avit.
176 1137 206 1196 p.
220 1113 274 1197 54,
293 1114 363 1178 28Ι
351 1134 411 1177 aum
426 1120 516 1177 etiam
530 1118 751 1194 prophetorum
765 1119 965 1192 temporinam
983 1120 1014 1178 iu
1027 1117 1096 1178 God.

75 1206 193 1266 Theod.
214 1203 320 1285 Χ,10,
341 1201 382 1266 19
406 1209 466 1266 iam
490 1209 581 1266 etium
603 1223 660 1265 suo
686 1223 739 1266 seri
741 1208 836 1266 tentia
868 1198 918 1287 (ci.
947 1205 1097 1268 Glaudian.

77 1314 172 1355 carm.
194 1253 265 1374 Vlll,
287 1291 399 1356 1651
370 1297 460 1356 etiam
486 1297 547 1355 iam
571 1297 722 1364 tum).—
680 1292 782 1353 -.lb
806 1294 967 1375 contraL,
995 1298 1099 1375 quiet

80 1403 155 1446 vero
184 1342 287 1463 habel,
315 1391 345 1444 et
372 1401 443 1444 uere
465 1383 597 1463 restitui,
619 1391 650 1442 et
673 1384 741 1461 quia
765 1381 904 1444 Sidonius
928 1342 1098 1446 constanter

81 1473 138 1532 hac
165 1472 318 1533 locutione
346 1473 440 1532 utitur
463 1480 493 1532 et
516 1473 584 1550 qnia
608 1478 675 1532 ante
698 1475 826 1548 optimus
849 1471 988 1534 librarius
1013 1474 1097 1535 facile

83 1579 186 1621 errare
205 1563 310 1639 potuit.
335 1593 376 1602 -
399 1559 441 1621 lb.
466 1557 486 1620 3
510 1563 621 1641 cardiu,
651 1560 729 1638 quod
753 1561 784 1620 in
806 1560 829 1618 L
853 1567 911 1641 est,
939 1563 1097 1640 repudian-

85 1649 168 1730 dum,
193 1652 314 1725 ambico
338 1650 499 1728 genuinum
522 1667 589 1710 esse
613 1649 687 1708 mihi
710 1666 887 1727 persuasum
911 1657 965 1710 est.
1011 1651 1097 1712 Modo

86 1741 164 1798 enim
195 1737 337 1798 Sidonius
365 1737 493 1816 Sapaudi
520 1737 681 1798 dictionem
709 1736 845 1798 laudibus
874 1737 1000 1798 efferens
1024 1740 1099 1800 dixit

85 1827 305 1908 Palaemonem,
328 1825 505 1906 Gallionem,
532 1825 735 1907 llelphidium,
763 1825 836 1886 alios
865 1845 933 1886 cum
960 1846 995 1887 eo
1019 1846 1098 1888 com-

85 1919 186 1995 parari
209 1934 270 1976 non
296 1933 394 1994 posse.
440 1915 497 1976 Sed
525 1933 562 1976 ne
590 1916 716 1976 nimium
739 1913 783 1974 illi
805 1913 934 1976 blandiri
956 1915 1099 1999 videatur,

85 2005 167 2066 addit
187 2005 245 2065 hoc
264 2023 295 2064 se
316 2005 480 2065 concedere
500 2003 674 2074 Quintiliani
693 2005 883 2064 acrimoniam
902 2023 1098 2086 pompamque

84 2093 209 2155 Palladii
224 2096 252 2154 ei
270 2092 520 2173 aequiperabilem
534 2111 608 2153 essa.
636 2097 805 2170 Adquiesce
819 2095 910 2172 igitur
926 2087 983 2176 (=
998 2113 1099 2156 assen-

84 2186 152 2264 tior,
173 2175 319 2265 concedo)
338 2181 477 2262 postulat,
500 2189 533 2242 ut
551 2181 669 2261 aliquod
688 2181 812 2242 verbum
830 2190 1005 2264 opponatur,
1020 2186 1098 2263 quod

84 2274 267 2333 contrariam
285 2273 345 2330 vim
364 2271 533 2350 ambigendi
551 2272 569 2330 i.
585 2271 751 2350 anegaudi
769 2269 883 2332 habeat.
899 2272 987 2352 -V,
1009 2271 1059 2355 14,
1078 2273 1099 2336 2

85 2359 311 2440 Luetjohanuns
339 2377 399 2419 uon
430 2366 511 2420 recte
541 2363 792 2421 reverendissimo
823 2363 951 2439 scripsit.
997 2361 1038 2422 ct.
1063 2364 1099 2424 de

88 2448 269 2528 superlativo
289 2453 549 2510 reverentissimos
563 2447 807 2527 Neue-Wagener
820 2448 856 2528 Π,
867 2447 943 2529 121;
961 2448 1100 2528 llngclbr.

85 2538 102 2598 l.
122 2538 142 2598 l.
163 2557 192 2617 p.
213 2535 264 2598 11.
283 2570 325 2579 —-
349 2536 389 2597 lh.
414 2540 446 2596 in
468 2535 567 2597 verbis
591 2540 634 2599 od
655 2556 732 2614 quos
751 2585 757 2598 .
778 2585 785 2598 .
805 2585 811 2598 .
831 2585 838 2597 .
858 2542 954 2613 poulo
979 2545 1101 2614 pariter

85 2635 180 2703 utque
203 2629 359 2688 hortuloni
380 2644 440 2687 ιιοιι
463 2628 598 2702 oportuit
586 2630 783 2689 tconvecire
805 2629 899 2686 miror
922 2625 1099 2733 Luetjohan·

84 2734 159 2776 num
182 2720 272 2794 propt
273 2733 306 2775 er
328 2733 388 2776 riori
412 2717 444 2774 in
466 2708 506 2773 pr
530 2733 552 2776 s.
571 2713 589 2776 l
609 2715 801 2776 additnmr
825 2715 1100 2795 ollendisse,nt1n

85 2805 186 2865 adnot.
205 2811 350 2883 proponat
369 2799 582 2884 [uquuas..
598 2800 745 2884 ..[rtore]
760 2763 1005 2906 oportuit—ll,
1019 2802 1098 2886 151

86 2912 146 2973 qua
175 2893 212 2952 de
243 2911 331 2952 causa
357 2892 437 2953 idem
465 2901 493 2954 te
521 2893 691 2972 secluserit,
720 2894 830 2953 nescio.
876 2889 1042 2954 Dominum
1072 2904 1101 2957 te

86 2985 164 3043 milri
184 2983 303 3057 sibique
325 2999 509 3044 communem
532 2982 568 3042 de
587 2980 707 3042 Ruricio
730 2982 843 3041 dictum
866 2988 912 3040 est
934 2980 1100 3044 urbanitate

87 3071 137 3131 illa
157 3076 222 3130 tum
240 3072 442 3131 usitatissima.
472 3070 513 3132 ct.
533 3089 579 3149 ep.
598 3069 687 3151 lv,2,
703 3068 731 3151 1,
750 3068 802 3130 ubi
820 3068 998 3130 Claudianus
1018 3071 1101 3133 Sido-

89 3162 174 3221 nium
188 3158 288 3220 verbis
307 3166 336 3220 te
354 3163 506 3221 dominum
525 3177 621 3221 meum
641 3158 809 3237 alloquitur.
829 3191 870 3200 —
884 3157 916 3237 V,
929 3157 978 3239 16,
992 3158 1013 3221 2
1028 3167 1100 3224 cite-

90 3253 158 3310 rior
176 3250 209 3308 in
228 3252 320 3309 citior
338 3255 452 3308 mutare
472 3265 725 3328 supervacaneum
743 3248 839 3307 visum
862 3255 917 3327 est,
935 3249 1004 3326 quia
1022 3252 1101 3313 idem

91 3338 166 3398 valet
191 3336 270 3416 quod
287 3341 392 3414 prior;
411 3336 624 3418 ci.ep.ll,14,
641 3338 657 3397 l
679 3343 779 3398 aetate
798 3339 949 3397 citeriore.
966 3371 1007 3380 —
1023 3340 1065 3400 lh.
1080 3342 1100 3401 4

91 3427 125 3488 ad
149 3426 339 3487 verberetis
362 3429 394 3487 ιἰι
417 3445 572 3488 commune
595 3429 759 3502 deposcens
788 3425 823 3484 cl.
848 3427 936 3485 etiam
959 3426 1100 3509 Panegyr.

91 3536 117 3594 p.
140 3513 212 3597 146,
232 3511 275 3575 29
301 3507 361 3597 (ed.
385 3509 503 3598 Baehr.)
527 3518 584 3576 iioc
603 3562 610 3574 .
630 3561 636 3575 .
657 3562 663 3575 .
683 3518 764 3576 omui
784 3522 921 3576 uotorum
944 3534 1101 3594 nuncupa·

92 3609 168 3668 tione
191 3608 389 3681 deposcimur.
405 3603 489 3684 -V,
510 3602 589 3684 17,1
610 3604 645 3664 de
666 3621 815 3679 quumque
833 3611 862 3664 et
879 3621 905 3662 v.
920 3621 965 3680 ep.
979 3604 1014 3683 ll,
1031 3607 1058 3683 1,
1076 3607 1102 3667 1.
