2614 4030
183 173 203 234 2
295 241 302 256 ·
551 169 659 224 LIBER
677 165 822 224 PRIMUS.

182 330 339 399 torumque
353 320 592 399 praerogativam.
631 315 659 380 3.
684 317 736 378 sed
756 317 870 380 scilicet
888 317 943 380 tibi
962 321 1050 398 parui
1066 328 1229 398 tuaeque
1265 363 1266 384 2

183 411 393 471 examinationi
415 408 468 469 has
491 404 680 488 <litterulas>
708 425 768 467 non
795 407 993 468 recensendas
1012 402 1096 492 ·(hoc
1130 411 1230 469 enim
1265 435 1266 476 3

182 516 288 578 parum
310 491 370 580 est)
395 496 447 557 sed
474 496 680 578 defaecandas,
707 503 742 557 nt
764 498 860 578 aiunt,
887 495 1092 577 limandasque
1128 515 1226 558 com-

183 589 261 667 misi,
289 588 387 654 sciens
409 593 439 646 te
463 585 644 646 inmodicum
674 602 738 646 esse
766 586 912 646 fautorem
939 603 1000 646 non
1028 587 1226 648 studiorum

157 675 270 738 amodo
294 693 397 736 verum
420 677 509 735 etiam
532 674 742 734 studiosorum.
788 692 876 752 qnam
899 673 936 734 ob
960 692 1024 735 rem
1042 693 1099 736 nos
1124 693 1223 736 nunc

67 801 70 807 ,
182 781 326 845 perquam
348 763 578 824 haesitabundos
600 765 633 822 in
650 762 707 823 hoc
725 763 866 842 deinceps
886 763 979 824 famae
998 763 1130 844 pelagus
1155 766 1221 824 im-

182 853 277 934 pellis.
324 851 352 914 4.
375 869 464 932 porro
493 858 591 912 autem
619 869 708 930 super
735 851 907 914 huiusmodi
936 852 1078 931 opusculo
1102 856 1220 914 tutius

183 945 434 1021 conticueramus,
466 943 598 1000 contenti
630 958 769 1001 versuum
801 940 917 1002 felicius
951 960 1039 1019 quam
1069 944 1218 1021 peritius

183 1032 331 1093 editorum
361 1030 513 1110 opinione,
545 1028 581 1088 de
614 1047 671 1107 qua
703 1029 777 1089 mihi
808 1031 867 1089 iam
898 1029 1014 1108 pridem
1044 1033 1077 1091 in
1108 1039 1217 1111 portu

144 1139 170 1180 ro
183 1120 287 1182 iudicii
310 1116 421 1198 publici
444 1124 511 1197 post
533 1117 689 1179 lividorum
713 1116 871 1180 latratuum
891 1117 1002 1198 Scyllas
1027 1122 1214 1200 enavigatas

184 1209 359 1270 sufficientis
388 1205 497 1284 gloriae
525 1224 632 1267 ancora
660 1206 751 1268 sedet.
798 1207 849 1267 sed
879 1209 906 1267 si
929 1215 958 1268 et
981 1207 1064 1268 hisce
1089 1208 1213 1269 delira-

183 1299 292 1358 mentis
323 1297 484 1374 genninum
512 1294 655 1356 molarem
685 1295 796 1356 invidia
827 1314 887 1357 non
917 1296 1029 1377 fixerit,
1062 1305 1209 1358 actutum

184 1385 239 1446 tibi
258 1384 376 1446 anobis
394 1382 542 1444 volumina
560 1385 764 1445 numerosiora
783 1386 967 1465 percopiosis
987 1389 1209 1447 scaturrientia

185 1472 483 1536 sermocinationibus
507 1472 788 1552 multiplicabuntur.
834 1474 906 1534 vale.

665 1699 706 1764 ΙΙ.

145 1832 169 1872 15
352 1821 520 1877 SIDONIUS
538 1819 745 1877 AGRICOLAE
765 1820 833 1877 SUO
854 1820 1030 1876 SALUTEM.

250 1949 278 2013 1.
303 1951 520 2031 Saepenumero
544 1951 739 2033 postulavisti,
761 1959 804 2033 ut,
828 1955 897 2032 quia
916 1952 1096 2013 Theudorici
1116 1957 1201 2033 regis

183 2041 346 2103 Gothorum
369 2040 554 2125 commendat
576 2041 693 2121 populis
712 2041 788 2102 fama
807 2040 987 2122 civilitatem,
1010 2041 1122 2102 litteris
1142 2043 1201 2102 tibi

183 2130 294 2190 formae
318 2147 388 2189 suae
412 2132 568 2211 quantitas
591 2132 667 2191 vitae
691 2130 816 2209 qualitas
835 2130 1061 2210 significaretur.
1103 2150 1198 2210 pareo

182 2218 288 2299 libens,
311 2219 343 2277 in
366 2225 508 2297 quantum
534 2218 702 2298 epistularis
725 2221 832 2299 pagina
856 2221 935 2300 sinit,
962 2219 1086 2280 laudans
1111 2223 1143 2280 in
1168 2231 1199 2281 te

144 2331 169 2370 oo
182 2315 242 2369 tam
266 2306 407 2368 delicatae
431 2306 639 2369 sollicitudinis
659 2310 879 2386 ingenuitatem.
926 2310 1017 2386 igitur
1035 2310 1082 2368 vir
1101 2317 1147 2370 est
1168 2316 1199 2370 et

183 2396 242 2456 illis
266 2396 373 2474 dignus
396 2399 525 2478 agnosci,
548 2399 599 2476 qni
618 2415 686 2458 eum
705 2398 803 2458 minus
822 2397 1007 2458 familiariter
1025 2399 1196 2458 intuentur:

182 2487 223 2546 ita
246 2502 404 2568 personam
426 2503 510 2546 suam
533 2486 606 2546 dens
631 2485 742 2547 arbiter
766 2493 795 2546 et
813 2489 889 2547 ratio
912 2493 1036 2547 naturae
1056 2503 1195 2547 consum-

183 2581 278 2635 matae
301 2572 450 2634 felicitatis
474 2574 541 2635 d'ote
570 2577 680 2635 sociata
708 2575 944 2656 cumulaverunt,
973 2592 1071 2635 mores
1095 2584 1196 2636 autem

183 2662 401 2743 huiuscemodi,
432 2670 466 2724 ut
492 2662 628 2725 laudibus
656 2681 759 2724 eornm
788 2663 863 2724 nihil
890 2682 927 2725 ne
958 2666 1043 2743 regni
1073 2665 1195 2742 quidem
1263 2685 1264 2700 ²

144 2775 171 2816 as
185 2752 320 2814 defrudet
343 2752 461 2812 invidia.
507 2750 536 2813 2.
561 2755 587 2813 si
609 2753 703 2814 forma
731 2759 902 2832 quaeratur:
931 2771 1055 2832 corpore
1083 2762 1194 2835 exacto,

183 2841 364 2922 longissimis
387 2841 518 2923 brevior,
549 2843 703 2921 procerior
726 2843 962 2920 eminentiorque
985 2841 1192 2903 mediocribus.

184 2933 289 3010 capitis
312 2949 386 3010 apex
409 2931 563 3012 rotundus,
592 2933 623 2991 in
648 2948 705 3010 quo
728 2930 880 3010 paululum
903 2949 920 2990 a
942 2929 1065 3010 planitie
1088 2929 1193 2992 frontis

183 3021 215 3078 in
233 3022 374 3081 verticem
398 3021 544 3080 caesaries
567 3019 670 3098 refuga
689 3021 843 3098 crispatur.
886 3022 985 3080 cervix
1008 3037 1068 3079 non
1089 3015 1193 3098 <sedet

256 3243 433 3298 blitterulas
461 3244 526 3299 odd.
546 3244 741 3312 Inoetjohcnm
769 3260 819 3298 om.
844 3242 1014 3312 LNMTO,
1040 3243 1087 3298 scd
1113 3245 1144 3298 s'n
1166 3244 1191 3297 L

184 3320 254 3384 spot.
269 3319 306 3370 10
325 3317 376 3370 litt.
394 3321 474 3370 oocot
487 3319 495 3385 ΙΙ
510 3321 526 3368 3
544 3331 645 3383 parum
666 3315 697 3383 T,
716 3331 835 3384 parvum
853 3314 985 3370 LMGN
994 3316 1003 3384 ΙΙ
1018 3319 1050 3367 11
1070 3315 1100 3367 et
1117 3316 1191 3369 molit

184 3387 270 3441 delere
285 3385 462 3453 Loetjohonao
474 3390 484 3456 ΙΙ
499 3390 532 3440 16
549 3384 705 3440 theodorici
721 3385 749 3455 O,
768 3385 925 3441 theoderici
940 3385 977 3440 M
988 3390 998 3456 l
1012 3390 1046 3438 24
1064 3383 1188 3439 huiusce-

184 3456 262 3511 modi
290 3457 324 3511 N
326 3456 363 3511 M
368 3455 430 3525 OT,
458 3455 652 3510 huiuscemodi
680 3458 746 3510 sunt
768 3457 795 3511 L
817 3462 826 3530 [Ι
849 3463 883 3514 25
908 3457 1054 3512 defraudet
1076 3455 1189 3538 ΜΤΟΙΗ

185 3535 219 3584 28
238 3545 295 3583 non
315 3528 395 3582 sedet
412 3527 495 3584 nodis
514 3528 564 3581 sed
582 3527 675 3583 nervis
694 3545 741 3600 epo
760 3530 827 3599 (non
845 3528 914 3585 toris
933 3530 1025 3584 tumet
1038 3528 1088 3582 sed
1102 3544 1186 3582 nervis

1227 3744 1266 4006 l
