2636 4032
352 197 519 254 SIDONIUS
538 196 690 253 DONIDIO
711 197 778 253 SUO
799 198 976 254 SALUTEM.
1124 198 1167 262 43

155 368 274 412 eramus
303 343 374 433 (hoc
401 350 454 408 uni
480 347 601 427 praedio
631 341 769 432 nomen),
797 348 833 408 ad
857 351 988 409 sarcinas
1012 355 1041 408 et
1065 347 1168 408 dever-

155 442 270 500 sorium
296 437 403 518 pedem
426 435 641 518 referebamus;
670 439 696 497 si
718 436 856 497 Prusiani
879 431 937 522 (sic
961 437 1070 498 fundus
1094 437 1168 498 alter

154 521 405 610 nuncupabatur),
419 525 596 587 Tonantium
607 543 672 588 cum
688 525 839 608 fratribus,
854 525 1032 588 lectissimos
1042 544 1167 606 aequae-

154 635 260 678 vorum
278 615 423 676 nobilium
440 617 601 697 principes,
621 617 722 676 stratis
742 617 804 676 suis
819 615 1008 696 eiciebamuS,
1028 617 1096 694 quia
1110 633 1166 676 nec

152 705 240 767 facile
264 704 369 766 crebro
393 702 535 765 cubilium
558 712 729 765 nostrornm
754 706 951 766 instrumenta
975 704 1207 782 circumfero-,a

152 794 270 856 bantur.
308 811 433 854 excusso
457 799 577 872 torpore
598 793 763 854 meridiano
781 793 933 872 paulisper
951 785 1166 876 equitabamus,
1211 790 1222 858 't

154 901 213 964 qno
237 883 352 944 facilius
375 889 496 961 pectora
518 882 649 943 marcida
673 881 747 943 cibis
767 885 933 943 cenatoriae
952 882 1023 942 fami
1042 901 1165 943 exacue-

151 991 263 1034 remus.
309 970 338 1034 8.
370 970 490 1032 balneas
518 970 645 1032 habebat
666 973 698 1031 in
722 989 810 1050 opere
834 977 960 1050 uterque
983 971 1105 1052 hospes,
1133 973 1166 1032 in

152 1080 211 1122 usn
233 1068 352 1142 neuter3
376 1060 428 1120 sed
452 1079 519 1120 cum
541 1058 588 1120 vel
605 1059 800 1140 pauxillulum
818 1059 921 1121 bibere
941 1060 1068 1120 desisset
1086 1079 1165 1121 asse-

153 1149 288 1211 cularum
305 1167 446 1210 ·meorum
473 1148 708 1228 famulorumque
732 1148 819 1210 turba
842 1151 1011 1229 conpotrix,
1038 1168 1206 1229 quorum1o

154 1238 287 1300 cerebris
317 1237 480 1318 hospitales
512 1245 660 1299 creterrae
692 1239 819 1298 nimium
851 1241 997 1299 inmersae
1032 1237 1165 1299 domina·

152 1327 274 1409 bantur,
302 1329 398 1388 vicina
427 1327 502 1388 fonti
530 1333 580 1388 aut
607 1327 696 1388 fluvio
720 1329 828 1405 raptim
852 1326 965 1388 scrobis
989 1326 1165 1410 fodiebatur,

152 1419 185 1476 in
209 1435 296 1496 quam
320 1416 396 1477 forte
420 1435 488 1477 eum
511 1415 642 1496 lapidum
666 1415 802 1477 cumulus
821 1414 975 1476 ambustus
994 1416 1165 1477 demittere-

152 1512 211 1587 tur,
235 1513 318 1566 antro
342 1507 374 1565 in
396 1505 609 1585 hemisphaerii
637 1506 761 1565 formam
785 1505 892 1584 corylis
915 1504 1095 1566 flexibilibus
1119 1508 1164 1566 in-

152 1601 234 1656 tento
257 1594 336 1655 fossa
359 1595 551 1655 inardescens
575 1593 779 1675 operiebatur,
803 1596 846 1654 sic
868 1600 981 1674 tamen,
1003 1602 1036 1654 ut
1060 1613 1203 1674 super-15

152 1685 238 1744 iectis
266 1683 392 1745 Cilicum
424 1683 497 1744 velis
529 1685 660 1762 patentia
692 1682 844 1743 intervalla
874 1684 1023 1761 virgarum
1050 1682 1163 1745 lumine

153 1772 273 1833 excluso
301 1771 542 1853 tenebrarentur,
569 1791 708 1852 vaporem
736 1770 891 1850 repulsura
915 1770 1083 1852 salientem,
1111 1775 1163 1851 qui

150 1861 248 1922 undae
281 1862 424 1922 ferventis
456 1864 612 1941 aspergine
644 1861 800 1921 flammatis
831 1859 964 1920 silicibus
997 1860 1161 1922 excuditur.

151 1947 180 2010 9.
208 1949 256 2010 hic
288 1950 374 2011 nobis
404 1949 597 2011 trahebantur
628 1950 719 2010 horae
748 1968 806 2010 non
836 1948 946 2028 absque
975 1949 1162 2011 sermonibus

150 2037 236 2099 salsis
262 2037 515 2120 iocularibusque3
543 2057 617 2118 quos
640 2042 720 2100 inter
741 2038 835 2100 halitu
858 2038 983 2099 nebulae
1007 2038 1161 2100 stridentis
1175 2062 1202 2102 so

150 2127 277 2207 oppletis
300 2127 500 2206 involutisque
524 2127 738 2189 saluberrimus
766 2127 857 2188 sudor
880 2126 1066 2209 eliciebatur;
1095 2147 1162 2210 quo,

152 2223 242 2295 prout
264 2216 415 2297 libuisset,
439 2217 533 2277 effuso
557 2216 712 2277 coctilibus
737 2219 821 2296 aquis
845 2215 1067 2297 ingerebamur,
1091 2236 1162 2296 qua-

150 2323 277 2384 rumque
301 2306 364 2366 fotu
387 2305 564 2367 cruditatem
582 2313 715 2366 nostram
732 2312 867 2384 tergente
886 2305 1011 2366 resoluti
1029 2312 1079 2366 aut
1098 2307 1162 2367 fon-

149 2401 218 2454 tano
242 2393 384 2473 deinceps
412 2395 523 2472 frigore
546 2394 716 2473 putealique
739 2402 789 2455 aut
812 2393 923 2455 fluviali
946 2397 1031 2473 copia
1055 2395 1161 2456 solida-

148 2481 267 2544 bamur:
296 2483 443 2562 siquidem
471 2482 608 2544 domibus
636 2483 751 2545 medius
779 2485 803 2543 it
828 2483 925 2543 Vardo
953 2483 1075 2565 fluvius,
1102 2487 1162 2545 nisi
1176 2505 1201 2548 as

149 2590 217 2632 cum
248 2571 345 2633 deflua
372 2574 438 2632 nive
466 2579 569 2651 pastus
597 2571 746 2650 inpalluit,
774 2571 857 2632 flavis
885 2572 977 2633 ruber
999 2572 1107 2651 glareis
1131 2582 1161 2635 et

147 2679 203 2739 per
235 2660 350 2722 alveum
382 2664 559 2740 perspicuus
592 2663 710 2739 quietus
740 2661 965 2740 calculosusque
997 2679 1094 2740 neque
1123 2662 1160 2722 ob

147 2749 204 2809 hoc
236 2751 336 2811 minus
368 2752 496 2829 piscium
527 2751 608 2810 ferax
639 2749 840 2810 delicatorum.
892 2746 942 2810 10.
971 2749 1102 2810 dicerem
1131 2758 1161 2811 et

147 2855 237 2898 cenas
257 2847 286 2899 et
306 2839 426 2917 quidem
444 2841 642 2919 unctissimas
665 2841 725 2898 nisi
741 2841 903 2899 terminum
922 2845 1039 2898 nostrae
1059 2838 1160 2918 loqua-

147 2929 240 3008 citati,
260 2946 348 3006 quem
366 2927 544 2988 verecundia
562 2946 622 2988 non
639 2926 767 3009 adhibet,
787 2927 887 2988 charta
905 2929 1068 3008 posuisset3
1089 2946 1158 3006 qua·
1174 2951 1214 2990 oo·

148 3034 216 3076 rum
236 3035 353 3095 quoque
372 3016 525 3096 replicatio
544 3018 630 3077 fieret
649 3034 771 3076 amoena
789 3023 920 3095 narratu,
938 3017 999 3076 nisi
1016 3015 1159 3094 epistulae

147 3113 266 3183 tergum
283 3105 410 3166 madidis
430 3105 583 3166 sordidare
602 3104 722 3166 calamis
742 3104 994 3165 erubesceremus.
1024 3105 1076 3165 sed
1091 3108 1160 3184 quia

148 3275 217 3344 angi
234 3276 299 3331 MC
318 3279 327 3344 l
351 3281 367 3328 3
385 3277 601 3346 nuncupabatur
618 3275 717 3344 LNT,
736 3277 914 3346 nuncupatur
932 3275 997 3330 Md
1016 3279 1025 3346 ΙΙ
1049 3282 1080 3330 11
1101 3293 1158 3330 cre·

148 3349 240 3402 terrae
260 3347 329 3416 LN,
353 3348 479 3402 craterae
498 3348 536 3402 M
539 3347 590 3403 OT
611 3350 619 3418 ll
643 3351 676 3400 12
696 3347 801 3401 scrobis
821 3347 894 3400 LN¹
914 3351 993 3414 (corr.
1013 3349 1045 3402 iu
1063 3347 1159 3402 scrobs

148 3417 215 3487 N¹),
233 3418 329 3473 scrobs
343 3419 382 3474 M
384 3417 437 3474 OT
448 3421 457 3487 ΙΙ
473 3424 506 3472 14
519 3417 638 3472 flexibus
653 3419 750 3488 111122
770 3435 944 3486 quarumque
959 3418 1027 3486 LV,
1046 3418 1158 3473 harum-

147 3505 201 3556 que
220 3491 269 3558 (qu
287 3507 366 3559 eras,
383 3490 402 3543 h
421 3492 453 3545 lu
470 3507 524 3546 roe.
543 3497 576 3544 ot
593 3491 648 3545 old.
668 3489 854 3559 mitulos
866 3492 875 3560 ll
890 3494 923 3543 25
943 3488 967 3545 it
984 3490 1016 3544 iu
1033 3507 1087 3546 ros.
1103 3490 1159 3558 M1,

147 3575 197 3616 om.
214 3561 247 3630 Τ,
265 3563 295 3615 et
312 3561 348 3630 L,
367 3563 396 3616 et
414 3578 482 3618 coer.
500 3563 533 3616 iu
551 3559 576 3614 it
594 3561 636 3615 N*
649 3562 659 3630 ΙΙ
673 3565 706 3616 26
725 3561 827 3616 rubens
848 3560 872 3616 0
881 3565 890 3631 l
