2636 4032
366 231 534 288 SIDONIUS
553 231 667 287 LEONI
686 231 753 287 SUO
774 230 953 289 SALUTEM.
1122 233 1165 300 99

152 383 205 444 sed
228 401 288 444 nou
311 383 410 442 minus
434 382 522 460 digna
541 400 629 461 quam
647 382 768 443 faceres.
799 401 925 461 namque
945 390 975 444 et
993 385 1166 466 antiquitus,

152 491 220 533 oum
249 471 338 532 Gaius
364 470 519 532 Cornelius
548 470 619 531 Gaio
644 471 779 533 Secundo
807 473 889 550 paria
917 473 1073 554 suasisset,
1100 475 1164 552 ipse

150 560 341 641 postmodum
364 558 441 639 quod
462 561 591 620 iniunxit
609 562 745 641 arripuit,
768 559 856 641 idque
876 559 912 620 ab
931 560 1066 640 exemplo
1085 581 1165 624 nunc

149 669 198 711 me
227 649 333 710 melius
363 649 546 729 aggrederis,
580 652 648 727 quia
678 656 708 709 et
735 667 789 727 ego
817 648 912 710 Plinio
939 657 973 710 ut
1000 650 1164 730 discipulus

151 757 275 818 assurgo
295 745 326 798 et
342 744 376 798 tu
393 743 509 798 vetusto
529 754 637 816 genere
656 738 797 798 narrandi
815 739 880 799 iure
895 737 1066 800 Comehum
1082 747 1163 801 anto·
1191 757 1205 798 5

150 830 248 908 venio,
277 829 329 907 qui
357 826 474 888 saeculo
501 833 604 886 nostro
635 829 660 887 si
683 829 876 888 revivisceret
903 835 992 907 teque
1016 827 1111 907 qualis
1133 832 1165 890 in

151 917 261 978 litteris
294 923 325 977 et
357 922 484 994 quantus
516 914 644 976 habeare
677 917 912 998 conspicaretur,
944 916 1032 978 modo
1063 921 1163 979 verius

151 1006 271 1067 Tacitus
300 1012 387 1065 esset.
434 1001 462 1065 3.
486 1006 586 1083 itaque
613 1011 645 1065 tu
673 1005 781 1065 molem
808 1005 947 1066 thematis
974 1009 1060 1066 missi
1083 1014 1163 1068 recte

151 1097 293 1175 capessiS,
317 1095 365 1154 oui
388 1100 507 1172 praeter
530 1093 729 1172 eloquentiam
753 1093 934 1174 singularem
953 1097 1095 1156 scientiae
1118 1098 1163 1156 in-

151 1186 248 1263 gentis
267 1201 372 1262 magna
392 1184 585 1262 oportunitas.
619 1183 726 1243 cotidie
745 1201 873 1262 namque
891 1202 946 1263 por
963 1187 1164 1263 potentissimi
1179 1202 1205 1242 1o

130 1272 274 1338 ‚consilia
302 1273 381 1351 regis
400 1273 500 1332 totius
524 1270 668 1332 sollicitus
692 1270 773 1332 orbis
795 1275 907 1351 pariter
931 1271 1022 1351 [eius]
1046 1275 1164 1353 negotia

151 1370 180 1422 et
207 1364 286 1442 iura,
318 1361 437 1421 foedera
468 1366 497 1420 et
524 1359 613 1439 bella,
646 1359 709 1420 loca
740 1362 834 1440 spatia
866 1364 972 1422 merita
1000 1365 1162 1441 cognoscis

150 1451 229 1513 unde
253 1452 321 1528 quis
340 1451 448 1510 iustius
467 1467 533 1509 sese
553 1449 589 1510 ad
607 1450 665 1509 ista
684 1451 865 1511 succinxerit
885 1469 974 1529 quam
992 1450 1051 1533 ille,
1075 1470 1163 1531 quem

151 1546 267 1600 constat
290 1540 422 1618 gentium
445 1545 543 1598 motus
568 1537 748 1616 legationum
766 1541 932 1621 varietates,
955 1540 1031 1600 facta
1054 1540 1163 1601 ducum

149 1635 235 1708 pacta
258 1634 448 1708 regnantum,
476 1633 537 1687 tota
566 1626 693 1706 denique
716 1627 901 1706 publicarum
924 1647 1025 1689 rerum
1049 1637 1163 1690 secreta
1177 1645 1203 1686 15

151 1718 305 1796 didicisse,
338 1718 447 1795 quique
475 1718 638 1794 praestanti
663 1719 778 1795 positus
810 1719 841 1776 in
870 1715 997 1778 culmine
1025 1735 1085 1777 non
1111 1736 1163 1778 ne-

151 1823 233 1866 cesse
265 1805 354 1866 habet
381 1804 428 1865 vel
456 1806 641 1883 supprimere
669 1823 772 1865 verum
799 1805 845 1866 vel
873 1807 1050 1866 concinnare
1080 1824 1163 1866 mon-

150 1891 291 1955 daoium?
336 1895 365 1954 4.
389 1901 419 1953 at
442 1900 543 1953 nostra
570 1893 656 1972 longe
680 1895 815 1954 condicio
838 1894 951 1975 dispar,
980 1893 1087 1974 quibus
1111 1895 1163 1956 do-

149 1984 206 2044 lori
235 1984 435 2063 peregrinatio
462 2000 538 2042 nova
560 2000 615 2042 nec
643 1985 711 2042 usui
734 1983 822 2044 lectio
845 1990 944 2064 vetus,
970 1990 1034 2043 tum
1057 1982 1162 2063 religio

148 2073 329 2153 professioni
347 2079 400 2153 est,
422 2071 574 2132 humilitas
593 2073 745 2153 appetitui,
767 2073 958 2133 mediocritas
978 2072 1161 2155 obscuritati,
1175 2090 1201 2130 ao

148 2180 205 2222 nec
232 2162 264 2221 in
286 2159 493 2241 praesentibus
521 2162 566 2220 rei
589 2167 717 2242 tantum,
745 2169 887 2241 quantum
911 2163 942 2222 in
966 2161 1074 2222 futuris
1098 2164 1163 2243 spei

149 2249 291 2332 locatum,
318 2256 468 2330 postremo
496 2248 620 2326 languor
643 2250 854 2328 impedimento
883 2253 1000 2329 iamque
1024 2250 1070 2311 vel
1094 2269 1161 2312 sero

149 2346 272 2419 propter
285 2339 365 2399 huuc
380 2340 476 2418 ipsum
492 2337 606 2398 desidia
620 2338 717 2420 cordi3
736 2358 882 2419 aequaeva
900 2347 981 2400 certe
998 2340 1057 2400 iam
1072 2358 1162 2420 super

151 2429 257 2489 studiis
280 2426 361 2488 nulla
380 2427 443 2487 laus
463 2444 560 2507 curae,
584 2426 635 2487 sed
654 2445 691 2488 ne
711 2434 847 2507 postuma
866 2429 995 2508 quidem.
1028 2424 1057 2489 5.
1076 2447 1161 2508 prae-

149 2518 235 2597 cipue
258 2516 382 2596 gloriam
405 2514 492 2576 nobis
510 2533 631 2595 parvam
650 2515 687 2576 ab
704 2516 829 2577 historia
847 2524 950 2596 petere
969 2518 1069 2598 fixum,
1093 2520 1161 2597 quia
1175 2535 1201 2576 25

146 2625 202 2686 per
232 2605 369 2667 homiues
401 2603 546 2665 clericalis
579 2604 669 2664 oflicii
700 2608 858 2666 temerarie
889 2613 991 2666 nostra
1018 2608 1161 2668 iactanter

148 2694 252 2777 aliena,
274 2695 435 2774 praeterita
453 2693 637 2754 infructuose
655 2697 824 2774 praesentia
843 2695 1014 2776 semiplene,
1032 2697 1161 2774 turpiter

147 2784 219 2844 falsa
242 2783 409 2863 periculose
432 2800 502 2842 vera
524 2781 672 2843 dicuntur.
705 2790 750 2843 est
773 2785 853 2844 enim
872 2784 1043 2845 huiusmodi
1061 2783 1160 2844 thema

146 2871 193 2932 vel
221 2891 309 2954 opus,
338 2875 369 2932 in
398 2889 455 2951 quo
483 2871 630 2933 bonorum
654 2874 680 2932 si
706 2872 797 2933 facias
822 2874 1017 2955 mentionem,
1044 2873 1160 2933 modica

147 2964 241 3040 gratia
263 2968 393 3042 paratur,
417 2962 443 3020 si
466 2959 651 3042 notabilium,
673 2979 809 3022 maxuma
833 2962 951 3022 offensa.
994 2963 1037 3021 sic
1059 2979 1090 3021 se
1109 2961 1159 3021 ille
1173 2979 1200 3019 eo

146 3053 284 3130 protinus
308 3051 430 3110 dictioni
453 3049 535 3110 color
558 3049 690 3128 odorque
714 3052 850 3111 satiricus
874 3051 1025 3111 admiscet.
1070 3049 1160 3131 ilicet,

218 3243 235 3291 4
252 3254 298 3292 me
317 3238 351 3292 N
351 3239 417 3293 MT
423 3239 452 3307 0,
469 3255 519 3294 om.
539 3239 566 3292 L
581 3241 585 3307 Ι
602 3237 775 3308 aggredieris
794 3238 976 3295 Wilamowc‘tz
992 3241 996 3301 Ι
1013 3237 1078 3310 ego]
1097 3237 1158 3308 ipse

150 3309 192 3379 01}
206 3316 238 3363 11
258 3311 318 3364 eius
336 3310 437 3380 LMO,
457 3327 507 3366 ooo.
526 3310 561 3364 N
575 3311 686 3380 aliique,
705 3312 734 3363 et
753 3311 847 3380 Τ1118
866 3309 968 3378 quibus
987 3310 1014 3363 L
1031 3316 1057 3366 et
1076 3314 1156 3378 (corr.

146 3383 179 3435 iu
197 3379 242 3434 cui
260 3381 365 3450 itum,
388 3380 433 3434 cui
452 3380 544 3436 MGT
569 3385 578 3449 lt
607 3386 639 3435 19
659 3382 740 3436 velus
764 3383 825 3434 tum
843 3381 881 3450 L,
905 3381 1097 3435 vetustatum
1117 3382 1158 3448 (ta

146 3468 167 3508 o.
187 3452 203 3507 l.
223 3453 287 3508 aad.
306 3452 360 3521 N1,
381 3454 442 3506 tum
465 3454 529 3508 item
547 3452 738 3522 MtNMOT
762 3455 772 3522 ΙΙ
799 3457 833 3508 20
852 3454 896 3506 est
917 3451 1086 3521 professioni
1106 3453 1130 3508 0
1152 3453 1154 3524 l

146 3523 328 3592 professionis
342 3524 370 3577 L
383 3526 392 3591 ΙΙ
406 3531 439 3578 29
458 3524 505 3577 vel
520 3540 589 3592 opus
604 3525 664 3580 secl.
679 3523 861 3581 Wilomocoita
874 3525 883 3593 ss
897 3530 931 3580 30
945 3523 1051 3595 gratia]
1065 3522 1157 3594 gloria

148 3593 252 3667 Olille
271 3594 436 3665 NVMTO,
455 3593 568 3664 111in

959 3689 998 3740 7*
