2660 4030
202 233 371 289 SIDONIUS
389 232 534 289 DOMINO
553 232 672 288 PAPAE
691 232 834 290 GRAECO
854 233 1031 291 SALUTEM.
1080 234 1143 299 143

130 385 203 446 dum
222 391 322 444 tamen
340 381 493 443 nubilibus
512 385 597 443 annis
617 382 877 463 appropinquabat.
907 385 977 445 huic
995 385 1044 445 hie
1062 384 1144 446 blan-

130 474 187 535 dus
221 466 384 557 (siquidem
417 489 452 532 ea
483 479 564 532 aetas
596 471 770 553 infantulae,
802 479 836 534 ut
862 473 958 534 adhuc
988 467 1143 558 decenter)

128 581 210 624 nnnc
235 561 380 642 quaedam
402 559 515 642 frivola,
538 579 617 621 nunc
639 560 709 621 ludo
733 567 801 641 apta
822 563 955 641 virgineo
975 570 1075 624 scruta
1093 563 1144 624 do-

127 651 231 732 nabat3
260 649 368 730 quibus
391 651 442 709 isti
464 667 571 728 parum
594 649 756 729 grandibus
779 653 878 711 causis
900 651 1063 730 plurimum
1085 655 1144 713 rir-

129 739 276 820 guneulae
295 741 411 799 animus
431 737 631 817 copulabatur.
661 737 689 801 l.
704 741 774 800 anni
788 738 884 799 obiter
902 739 1030 800 thalamo
1044 760 1144 821 pares:
1172 757 1185 797 5

130 829 202 909 quid
225 846 327 888 morer
349 823 472 888 multis?
517 827 707 910 adulescens,
730 828 811 889 solus
833 831 946 910 tennis,
968 832 1145 909 peregrinus

129 916 338 980 fihusiamilias
371 922 401 976 et
432 933 448 975 e
480 919 575 994 patria
607 924 690 995 patre
723 935 783 977 non
814 917 910 978 solum
941 935 1001 978 non
1028 918 1144 980 volente

128 1025 233 1068 verum
252 1012 284 1066 et
301 1007 457 1084 ignorante
476 1003 642 1088 discedens,
659 1005 788 1084 puellam
802 1025 863 1066 non
876 1007 1049 1067 inferiorem
1063 1014 1145 1068 nata-

129 1096 219 1176 hbus,
241 1093 431 1155 facultatibus
450 1097 645 1176 superiorem,
668 1095 766 1155 medio
785 1098 935 1178 episcopo,
953 1098 1023 1176 quia
1041 1096 1144 1179 lector,

130 1185 241 1246 solacio
262 1185 388 1264 comitis,
411 1185 479 1261 quia
498 1182 602 1264 cliens,
625 1201 714 1245 socru
732 1202 792 1244 non
810 1186 988 1264 inspiciente
1008 1185 1184 1247 substan-10

130 1276 213 1354 tiam,
237 1290 344 1352 sponsa
367 1289 427 1332 non
450 1271 633 1350 despiciente
656 1290 823 1354 personam,
845 1292 969 1334 uxorem
991 1277 1067 1353 petit
1089 1277 1144 1334 im-

129 1368 230 1443 petrat
252 1361 341 1422 ducit
388 1359 618 1422 conscribuntur
645 1360 761 1423 tabulae
785 1362 947 1444 nuptiales;
975 1371 1005 1424 et
1032 1366 1059 1424 si
1086 1382 1145 1443 qua

129 1458 178 1512 est
203 1453 272 1511 istic
294 1449 481 1529 municipioli
508 1452 604 1510 nostri
627 1449 850 1532 suburbanitas,
877 1452 1144 1514 matrimonialibus

127 1539 190 1601 illic
212 1542 325 1600 inserta
348 1539 534 1599 documentis
552 1541 672 1600 mimica
690 1539 824 1618 largitate
844 1543 994 1602 recitatur.
1028 1540 1057 1604 8.
1076 1560 1144 1621 per-

129 1636 193 1690 acta
226 1629 502 1707 circumscriptione
535 1627 666 1707 legitima
698 1635 727 1688 et
763 1629 867 1690 fraude
900 1629 1036 1690 sollemni
1067 1630 1145 1691 levat
1158 1645 1184 1685 ιο

129 1719 252 1779 divitem
280 1719 435 1795 coniugem
463 1735 576 1797 pauper
599 1717 750 1778 adamatus
774 1724 804 1777 et
827 1717 985 1797 diligenter
1008 1737 1083 1798 quae
1107 1719 1144 1780 ad

130 1825 267 1868 socerum
300 1803 506 1886 pertinuerant
537 1808 652 1866 rimatis
685 1808 925 1888 convasatisque,
961 1825 1021 1868 non
1052 1826 1143 1886 parvo

129 1898 219 1956 etiam
246 1893 402 1956 corollario
430 1894 601 1955 facilitatem
629 1894 894 1976 credulitatemque
921 1897 1143 1957 munificentiae

131 1983 275 2046 socrualis
308 2001 471 2062 emungens
503 1986 638 2064 receptui
669 1986 701 2044 in
728 1987 855 2064 patriam
883 1987 991 2046 cecinit
1017 1988 1143 2064 praesti-

130 2076 225 2153 giator
252 2075 388 2134 invictus.
439 2091 497 2151 quo
524 2073 657 2153 prolecto
684 2081 781 2134 mater
807 2073 922 2153 puellae
949 2092 1005 2153 pro
1037 2074 1143 2154 hyper·
1158 2091 1184 2130 ro

128 2162 235 2223 bolicis
267 2164 474 2223 instrumentis
507 2164 604 2241 coepit
636 2165 782 2223 actionem
810 2163 1042 2242 repetundarum
1068 2163 1143 2224 velle

130 2269 297 2330 proponere
328 2258 358 2311 et
384 2258 455 2311 tnnc
484 2251 603 2311 demum
635 2251 672 2312 de
699 2253 916 2330 mancipiorum
949 2252 1143 2331 sponsaliciae

131 2340 299 2401 donationis
330 2342 478 2419 paucitate
510 2357 658 2420 maerere,
694 2340 810 2420 qnando
843 2343 902 2401 iam
934 2341 970 2402 de
1002 2349 1144 2421 nepotum

131 2431 345 2490 numerositate
369 2427 522 2507 gaudebat.
559 2429 595 2490 ad
618 2429 694 2489 hanc
716 2428 889 2509 placandam
912 2437 1015 2490 noster
1032 2431 1143 2510 Hippo·

130 2517 208 2598 lytus
231 2525 416 2598 perrexerat,
439 2536 507 2578 oum
529 2517 644 2578 litteras
667 2536 748 2578 meas
770 2520 856 2597 prius
879 2518 993 2580 obtulit.
1040 2517 1069 2580 9.
1092 2521 1143 2580 ha·
1158 2537 1184 2578 25

131 2607 208 2668 betis
231 2607 387 2666 historiam
405 2609 521 2668 iuvenis
539 2607 650 2686 eximii,
673 2605 802 2667 fabulam
820 2606 947 2668 Miletiae
966 2607 1012 2668 vel
1030 2608 1144 2686 Atticae

130 2714 241 2775 parem.
288 2694 377 2756 simul
404 2702 434 2756 et
465 2698 610 2774 ignoscite
643 2702 762 2775 praeter
794 2713 921 2775 aequum
953 2697 1144 2775 epistularem

132 2784 287 2846 formulam
310 2786 484 2866 porrigenti,
508 2803 596 2863 quam
619 2783 657 2844 ob
679 2785 735 2844 hoo
759 2783 827 2845 stilo
850 2792 984 2845 morante
1008 2785 1144 2867 produxi,

131 2881 164 2934 nt
191 2892 251 2935 non
278 2880 428 2952 tamquam
452 2875 586 2953 ignotum
609 2875 796 2954 reciperetis,
824 2891 913 2952 quem
937 2875 1031 2935 civem
1053 2874 1144 2935 bene-

131 2965 206 3023 ficiis
235 2962 415 3023 reddidistis.
461 2965 573 3043 pariter
601 2969 631 3022 et
657 2969 763 3022 natura
790 2969 992 3042 comparatum
1015 2970 1074 3044 est,
1102 2969 1143 3045 ut,
1157 2981 1184 3021 eo

133 3051 240 3131 quibus
272 3051 471 3130 impendimus
505 3051 649 3133 studium,
680 3058 865 3131 praestemus
895 3052 1041 3113 allectum.
1091 3071 1143 3112 vos

133 3159 201 3200 vero
227 3140 421 3202 Eustachium
447 3141 618 3220 pontificem
649 3147 721 3201 tunc
753 3159 790 3201 ex
819 3158 884 3200 asse
913 3140 1002 3219 digno
1034 3139 1143 3202 herede

133 3228 296 3290 decessisse
320 3229 538 3312 monstrabitiS,
565 3232 604 3311 si,
632 3236 665 3290 ut
687 3231 862 3309 propinquis
890 3233 1072 3311 testamenti,
1101 3232 1145 3291 sic

205 3459 219 3507 1
239 3454 320 3508 annis
338 3472 389 3510 om.
407 3454 479 3522 016
498 3471 591 3509 moror
605 3455 635 3508 F
656 3458 665 3526 11
688 3460 704 3508 8
724 3457 765 3526 et]
785 3454 871 3509 etiam
889 3453 978 3524 01113
998 3456 1041 3508 est
1059 3454 1149 3511 enno

132 3525 140 3597 11
161 3531 193 3580 17
213 3541 323 3579 socrum
343 3527 433 3595 01119
454 3524 570 3580 soeralis
589 3527 656 3580 MP
667 3528 675 3596 11
690 3533 723 3582 26
742 3526 857 3580 fabulae
875 3528 954 3582 molit
970 3527 1145 3597 Luetjobann

134 3597 138 3669 1
158 3595 261 3651 militie
280 3597 318 3666 F,
337 3596 461 3652 miliciae
480 3599 518 3652 M
521 3597 574 3653 GP
584 3602 594 3667 11
