2610 4056
287 173 456 229 SIDONIUS
474 173 705 231 CONSTANTIO
725 175 794 232 SUO
814 175 991 233 SALUTEM.
1082 177 1147 242 201

597 425 685 492 XVI.

288 546 455 604 SIDONIUS
475 547 705 604 CONSTANTIO
725 548 794 604 SUO
814 548 992 606 SALUTEM.

1 737 5 742 ¹
204 659 231 722 1.
256 661 478 741 Spoponderam
496 661 646 744 Petronio,
664 662 785 722 inlustri
808 665 881 744 viro,
899 681 1041 742 praesens
1060 683 1148 745 opus-

21 777 33 824 γ
136 750 236 812 culum
258 753 363 830 paucis
380 769 428 811 me
448 750 584 830 epistulis
604 751 825 834 expediturum;
845 754 929 813 cuius
948 752 1070 815 auribus
1088 773 1148 814 non

5 865 8 876 ·
134 841 270 920 peperci,
298 839 368 900 dum
395 842 455 901 tuis
483 858 581 919 parco.
627 839 718 901 malui
744 859 885 922 namque,
912 848 946 902 ut
972 835 1059 904 illum
1084 861 1148 904 cor-

134 929 278 989 rectionis
300 927 392 1010 labor,
415 935 444 990 te
467 931 563 989 honor
586 929 725 990 editionis
749 931 896 1008 aspiceret
917 933 1146 1010 perveniretque
1176 954 1190 996 5

135 1019 167 1078 in
189 1035 296 1078 manus
318 1023 432 1078 vestras
455 1017 592 1078 volumen
616 1019 696 1079 istud
720 1017 815 1078 alieno
838 1019 981 1101 periculo,
1005 1019 1148 1099 obsequio

135 1124 213 1167 meo.
241 1112 368 1191 peracta
390 1108 549 1185 promissIo
569 1114 630 1188 est3
653 1125 721 1168 nam
740 1109 847 1186 peritia
865 1115 915 1169 tua
934 1111 961 1170 si
980 1116 1148 1171 coactorum

135 1197 168 1256 in
190 1194 377 1255 membranas
400 1197 539 1276 inspiciat
563 1197 646 1274 signa
668 1195 833 1278 titulorum,
856 1199 915 1258 iam
934 1201 1087 1279 copiosum
1110 1206 1149 1279 te,

134 1285 168 1345 ni
191 1283 289 1364 fallor,
317 1283 416 1362 pulsat
443 1283 606 1365 exemplar3
629 1287 689 1345 iam
711 1287 829 1346 venitur
852 1286 888 1347 ad
911 1289 1061 1366 margines
1083 1306 1148 1348 urn-

136 1371 303 1454 bilicorum,
317 1375 377 1434 iam
391 1379 508 1452 tempus
523 1380 577 1454 est,
590 1380 624 1434 ut
639 1376 776 1435 satiricus
795 1377 844 1455 alt,
859 1373 995 1437 Orestem
1013 1383 1148 1438 nostrum
1163 1397 1190 1437 ιο

18 1475 21 1496 ¹
136 1460 183 1521 vel
207 1479 297 1540 super
318 1468 401 1541 terga
424 1463 512 1523 finiri.
555 1460 584 1523 2.
608 1480 668 1524 non
686 1463 735 1524 bic
754 1481 808 1542 ego
828 1467 1063 1526 commenticiam
1077 1467 1149 1527 'ler-

137 1551 297 1630 psichoren
318 1568 401 1612 more
426 1552 518 1612 studii
545 1554 654 1612 veteris
683 1552 793 1612 adscivi
820 1570 875 1613 nec
903 1554 985 1614 iuxta
1009 1557 1148 1616 scaturri-

137 1640 236 1718 ginem
263 1639 354 1700 fontis
388 1639 563 1719 Aganippici
592 1659 646 1720 per
676 1641 809 1702 roscidas
839 1643 920 1720 rIpas
954 1649 983 1703 et
1014 1645 1148 1722 pumices

136 1730 285 1788 muscivos
314 1727 414 1789 stilum
440 1731 525 1790 traxi.
572 1737 660 1808 atque
691 1732 805 1790 utinam
831 1730 880 1791 bic
912 1731 956 1791 nil
983 1731 1084 1813 molle,
1107 1731 1149 1793 nil

136 1815 269 1898 liuidum,
292 1817 334 1877 nil
358 1817 393 1877 de
417 1819 513 1878 triviis
537 1817 744 1898 compitalibus
762 1826 928 1880 mutuatum
950 1819 1148 1900 reperiretur!
1163 1839 1189 1880 15

137 1905 285 1984 siqnidem
312 1911 441 1986 maturo,
470 1914 504 1967 ut
536 1925 568 1968 es
600 1910 677 1990 ipse,
706 1906 811 1969 lectori
838 1926 898 1968 non
920 1915 1035 1970 tantum
1058 1909 1148 1970 dictio

137 1995 251 2054 exossis
270 2001 373 2056 tenera
391 1991 546 2077 delumbiS,
566 2004 709 2075 quantum
727 1997 879 2058 vetuscula
897 2005 997 2059 torosa
1015 2006 1045 2059 et
1064 2000 1149 2078 quasi

136 2083 267 2145 mascula
298 2083 402 2162 placet.
456 2085 508 2145 sed
545 2093 736 2147 reserventur
765 2088 822 2148 ista
858 2087 1039 2170 potioribus;
1075 2087 1149 2147 mihi

137 2172 256 2255 sufficit,
279 2175 305 2233 si
329 2174 387 2233 cito
411 2174 556 2255 ignoscas,
581 2175 659 2253 quod
683 2194 786 2236 sumus
809 2176 895 2238 tardi.
941 2174 970 2238 3.
993 2183 1147 2256 praeterea

138 2263 164 2321 si
193 2263 239 2322 vir
267 2260 404 2323 inlustris
435 2261 546 2341 aliquid
574 2264 697 2342 insuper
719 2264 912 2345 ampliuscule
944 2265 1036 2326 scribi
1059 2265 1148 2346 depo·
1163 2286 1189 2326 ao

135 2353 291 2433 poscisset,
310 2353 341 2412 in
363 2369 462 2412 moras
482 2351 609 2430 grandes
631 2353 850 2414 incidissemus.
886 2373 955 2415 nam
977 2372 1032 2434 per
1054 2373 1148 2416 arma-

135 2439 210 2501 riola
229 2448 259 2500 et
276 2439 445 2502 zotheculas
467 2447 585 2501 nostras
608 2459 667 2502 non
685 2440 894 2503 remanserunt
916 2443 1004 2522 digna
1022 2443 1148 2523 prolatu.

136 2528 215 2588 unde
239 2547 394 2609 cognosce,
421 2529 508 2610 quod,
532 2531 588 2590 etsi
610 2536 709 2591 tacere
732 2531 869 2611 necdum,
893 2533 1044 2610 coepimus
1068 2539 1148 2592 certe

136 2619 301 2698 taciturire,
325 2616 437 2696 duplici
456 2637 607 2680 excausa:
630 2625 672 2699 ut,
692 2620 718 2679 si
735 2618 895 2700 placemus,
913 2638 1007 2698 pauca
1025 2619 1148 2681 lecturis

135 2706 261 2765 incitent
278 2705 471 2787 voluptatem3
495 2709 522 2768 si
539 2708 711 2788 refutamur,
730 2725 790 2767 non
809 2709 938 2768 excitent
956 2708 1048 2769 multa
1067 2708 1148 2769 fasti·
1163 2727 1189 2768 aa

137 2793 232 2873 dium,
256 2795 364 2874 quippe
388 2797 420 2854 in
442 2795 498 2856 hoc
523 2796 604 2879 stilo,
634 2798 683 2857 cui
714 2813 774 2856 non
801 2795 932 2857 urbanus
956 2796 1038 2876 lepos
1061 2799 1149 2878 inest,

137 2881 190 2942 sed
208 2899 321 2961 pagana
339 2882 520 2962 simplicitas.
557 2882 587 2945 4.
610 2885 689 2946 unde
708 2886 788 2946 enim
806 2884 892 2946 nobis
915 2885 988 2945 illud
1007 2885 1149 2964 loquendi

209 3075 242 3125 10
262 3069 296 3125 cf.
316 3070 410 3126 luven.
429 3072 483 3138 aab.
499 3073 522 3143 l,
536 3076 601 3141 csq.

386 3158 488 3212 summi
505 3159 591 3230 plena
608 3159 667 3213 iam
684 3161 812 3232 margine
830 3159 896 3216 libri

280 3230 401 3300 scriptus
420 3231 450 3286 et
467 3231 498 3285 in
514 3233 596 3301 tergo
614 3248 666 3285 nec
685 3231 751 3285 dum
770 3232 865 3287 finitus
886 3231 1006 3289 Orestes.

209 3326 225 3375 6
242 3323 353 3374 vestras
370 3336 470 3374 manus
487 3319 511 3376 C
529 3322 538 3391 ll
563 3327 578 3376 'l
596 3321 724 3394 peracta]
743 3320 865 3376 infracta
879 3323 1031 3378 Mommsen
1053 3325 1062 3394 ΙΙ
1085 3327 1101 3376 8
1119 3321 1148 3376 in

136 3407 188 3446 ora.
207 3390 234 3443 L
247 3394 257 3460 ΙΙ
277 3397 311 3446 14
329 3390 468 3446 muscivos
487 3392 514 3445 L
532 3399 558 3448 et
576 3397 657 3462 (corr.
676 3394 707 3448 in
725 3392 866 3448 muscidos
884 3393 984 3464 N¹)N‚
1007 3395 1149 3450 muscidos

137 3462 175 3516 M
179 3462 231 3518 CT
242 3464 251 3532 ll
265 3468 300 3518 23
318 3463 439 3517 necdum
457 3463 523 3518 ΒΝ
524 3460 566 3534 M,
584 3464 708 3518 nondum
729 3464 799 3533 ΟΤΙ
815 3464 939 3534 cepimus
959 3465 1083 3536 cepimus
1104 3466 1150 3539 Til

137 3539 172 3588 ‘24
186 3529 249 3603 po‘at
267 3532 414 3589 taciturire
433 3536 482 3616 lep.
501 3534 558 3589 iam
577 3535 794 3591 deliberavimus
813 3537 845 3592 in
865 3536 889 3594 0
899 3540 909 3608 l
