2660 4030
177 159 242 225 146
286 213 290 222 ,
524 156 635 212 LIBER
652 157 839 214 SEPTIMUS.

663 373 703 438 V.

249 495 417 552 SIDONIUS
435 495 582 551 Domino
600 494 720 549 PAPAE
738 493 923 551 donodono
942 495 1121 553 sunum

245 609 273 673 1.
297 609 445 689 Biturigas
469 609 589 671 decreto
613 611 722 670 civium
744 611 856 688 petitus
879 609 999 670 adveni:
1021 629 1111 671 cansa
1135 611 1205 673 fuit

176 701 356 762 evocationis
383 698 516 760 titubans
543 698 686 759 ecclesiae
715 704 823 779 status,
850 716 926 777 quae
954 717 1061 778 nuper.
1072 718 1202 761 summo

175 788 292 850 viduata
315 789 455 867 pontifice
478 789 633 866 utriusqus
652 787 848 866 professionis
867 787 1022 848 ordinibus
1040 788 1202 850 ambiendi

149 877 337 939 ssacerdotii
360 876 506 956 quoddam
529 876 687 937 classicum
710 878 826 937 cecinit.
863 876 964 936 fremit
985 876 1114 957 populus
1137 897 1204 958 per

177 966 274 1027 studia
297 967 423 1046 divisus3
452 967 541 1045 pauci
563 964 681 1046 alteros,
707 963 795 1025 multi
818 983 884 1025 sese
907 983 967 1024 non
991 966 1121 1027 offerrmt
1143 986 1201 1028 so-

175 1054 236 1117 lum
260 1054 312 1116 sed
335 1055 475 1115 inferrmt.
518 1057 544 1114 si
567 1053 679 1133 aliquid
698 1071 754 1133 pro
772 1053 851 1113 virili
869 1056 1005 1133 portione
1025 1056 1200 1117 secundum

86 1161 92 1176 ·
175 1145 265 1206 deum
287 1143 425 1205 consulas
446 1145 674 1223 veritatemque,
702 1145 802 1202 omnia
824 1149 987 1203 occummt
1012 1142 1088 1204 levia
1111 1149 1200 1206 varia

176 1234 281 1314 fucata,
306 1239 336 1293 et
359 1225 446 1315 (quid
465 1225 597 1314 dicamf)
622 1231 684 1292 sola
707 1230 833 1292 estillic
852 1231 978 1311 simplex
996 1232 1197 1312 impudentia.

136 1343 162 1383 1o
176 1319 206 1383 2.
230 1329 260 1383 et
281 1323 341 1382 nisi
363 1339 411 1381 me
434 1323 583 1381 immerito
608 1323 694 1400 queri
716 1319 898 1401 iudicaretis,
925 1320 1025 1381 dicere
1049 1322 1199 1384 auderem

175 1418 236 1488 tam
267 1411 439 1490 praecipitis
471 1411 563 1470 animi
593 1427 659 1471 esse
686 1408 845 1488 plerosque
872 1417 992 1489 tamque
1018 1411 1197 1491 periculosi,

175 1507 209 1560 ut
246 1505 463 1560 sacrosanctam
504 1498 606 1560 sedern
647 1499 879 1578 dignitatemque
918 1499 1055 1559 affectare
1091 1503 1198 1579 pretio

176 1587 273 1649 oblato
295 1606 357 1649 non
380 1588 583 1670 reformident,
608 1606 730 1666 remque
754 1590 813 1648 iam
836 1586 948 1649 dudum
971 1590 1003 1648 in
1024 1589 1194 1650 nundinam

175 1679 253 1739 mitti
278 1679 505 1756 auctionemque
533 1679 680 1757 potuisse,
708 1679 747 1756 si,
774 1694 862 1757 quam
889 1683 1010 1755 paratus
1038 1680 1197 1740 invenitur

136 1787 161 1828 aa
174 1774 300 1848 emptor,
317 1766 455 1827 venditor
468 1772 528 1827 tam
548 1766 722 1845 desperatus
738 1767 930 1825 inveniretur.
966 1768 1054 1845 proin
1069 1785 1195 1848 quaeso,

174 1863 208 1916 ut
235 1856 326 1917 officii
352 1857 413 1916 mei
440 1857 600 1916 novitatem
627 1854 771 1934 pudorem
800 1856 1008 1914 necessitatem
1037 1863 1193 1934 exspecta·

173 1947 283 2006 tissimi
315 1944 458 2005 adventus
490 1946 534 2004 tui
566 1961 655 2004 ornes
688 1942 896 2025 contubernio,
930 1946 1037 2004 tuteris
1069 1944 1191 2007 auxilio.

174 2031 203 2095 3.
227 2052 283 2094 nec
305 2040 345 2113 te,
369 2050 547 2113 quamquam
566 2032 712 2093 Senoniae
736 2039 824 2111 caput
845 2050 887 2114 es,
910 2034 989 2093 inter
1006 2033 1079 2094 haec
1099 2032 1191 2094 dubia

175 2121 359 2183 subtraxeris
382 2120 602 2198 intentionibus·
619 2121 774 2194 medendis
794 2121 1017 2202 Aquitanorum,
1041 2125 1109 2200 quia
1132 2126 1192 2182 mi-

134 2232 161 2272 so
174 2212 289 2271 nimum
311 2210 418 2292 refert,
445 2210 523 2289 qnod
551 2209 638 2270 nobis
661 2212 761 2270 estin
788 2209 969 2271 habitatione
998 2210 1092 2271 divisa
1118 2230 1191 2290 pro·
1301 2221 1302 2237 ¹

173 2300 280 2380 vincia,
303 2299 420 2379 quando
439 2301 471 2359 in
494 2298 637 2377 religione
657 2317 745 2360 causa
764 2301 961 2378 coniungitur.
998 2299 1045 2360 his
1064 2300 1192 2381 accedit,

175 2387 253 2467 quod
277 2387 313 2447 de
341 2386 467 2449 urbibus
489 2387 680 2466 Aquitanicae
708 2390 821 2467 primae
850 2387 946 2448 solnm
970 2377 1110 2468 oppidu'm
1134 2390 1190 2450 Ar·

172 2494 298 2537 vernum
334 2475 534 2537 Romanorum
570 2476 718 2557 reliquum
754 2476 889 2556 partibus
926 2475 1003 2537 bella
1040 2478 1185 2540 fecerunt.

175 2572 356 2645 quapropter
377 2568 409 2626 in
429 2566 635 2627 constituendo
654 2565 802 2646 praefatae
819 2567 949 2626 'civitatis
968 2568 1100 2626 antistite
1118 2587 1189 2647 pro-

74 2717 77 2726 ,
133 2676 160 2717 ao
173 2654 343 2716 vincialium
366 2654 544 2734 collegarum
568 2654 723 2715 deficimur
745 2672 879 2736 numero,
903 2656 963 2715 nisi
985 2655 1186 2735 metropolita-

246 2809 357 2878 chist.
378 2809 405 2863 V
419 2811 533 2864 initium
554 2826 640 2879 usque
658 2809 696 2863 ad
713 2807 768 2880 §2
787 2811 913 2861 sanatam
937 2808 1032 2862 sedem
1055 2826 1105 2864 om.
1125 2808 1192 2863 LN

178 2880 233 2936 VT
246 2882 251 2950 1
267 2878 394 2949 agrestio
409 2880 447 2934 M
453 2880 510 2950 GP,
529 2879 609 2948 citio
623 2880 704 2946 Fue
723 2877 859 2932 bituricas
873 2880 950 2934 codd.
965 2881 1004 2948 118
1022 2880 1188 2934 veritatem-

174 2967 228 3019 que
245 2950 273 3020 0,
291 2949 407 3005 veritati
425 2963 504 3016 (corr.
520 2968 554 3006 ec
571 2950 776 3018 veritatemque
795 2956 827 3004 ut
844 2967 867 3005 o.
888 2952 921 3002 M
925 2950 990 3018 ¹)M
995 2951 1058 3005 PF
1068 2955 1077 3019 ΙΙ
1094 2956 1125 3004 10
1140 2950 1186 3011 in·

173 3020 274 3076 merito
293 3037 338 3075 me
359 3020 383 3076 O
393 3026 402 3090 t
418 3028 450 3076 13
468 3038 583 3090 remque
601 3022 702 3090 LNT,
722 3025 752 3083 et
769 3037 827 3073 rem
847 3021 884 3074 M
887 3019 911 3075 0
921 3024 930 3088 ΙΙ
949 3025 982 3074 15
1001 3021 1117 3090 proinde
1139 3023 1186 3095 Oli

174 3100 207 3148 16
222 3091 457 3162 exspectatissimi
467 3093 653 3162 Inoetjobaun,
666 3091 867 3163 spectatissimi
876 3092 1043 3160 LMTGF,
1057 3095 1187 3162 spectan-

172 3163 276 3218 tissimi
294 3159 342 3233 Pl
358 3169 389 3218 1⁷
404 3171 469 3234 post
487 3164 624 3218 adventus
643 3163 686 3218 tui
703 3165 736 3218 io
754 3163 860 3218 Naresii
878 3166 935 3218 cod.
953 3165 1019 3219 boec
1037 3166 1102 3235 lapi:
1126 3181 1187 3218 mu·

172 3251 252 3289 neres
271 3234 384 3288 indultu
403 3237 432 3289 et
450 3235 523 3304 inter
536 3237 631 3290 tantos
649 3236 743 3288 motus
761 3233 886 3303 partium
899 3233 1082 3300 factiosorum
1105 3234 1186 3289 labo·
1297 3241 1298 3270 ³

172 3309 281 3360 rentem
296 3322 341 3360 me
359 3305 597 3374 fluctuantemque
616 3305 733 3360 consilio
752 3305 1037 3375 confirmes‘collegio
1051 3306 1185 3361 informes

173 3383 288 3432 testator
312 3377 416 3433 Sanam
441 3378 583 3447 eodemque
607 3395 641 3434 ec
664 3378 776 3447 ‘optimo
798 3379 899 3432 codice’
925 3377 989 3432 odd.
1018 3377 1187 3448 Wouwereu,

174 3448 235 3502 fert.
255 3453 323 3502 recte
346 3449 355 3518 ΙΙ
377 3455 412 3502 23
430 3465 606 3502 romanorum
621 3449 689 3517 NT,
707 3459 890 3501 romanunum
906 3448 940 3516 L,
959 3448 1082 3502 romanis
1097 3449 1134 3504 M
1137 3453 1158 3504 d
1174 3451 1187 3522 Η.
1249 3461 1258 3480 ·

233 3516 370 3572 'eficimur
387 3535 456 3573 corr.
475 3520 507 3574 io
524 3518 667 3573 deficimus
686 3518 741 3589 Μ’,
761 3517 904 3574 deficimus
924 3519 970 3590 Tb
