2628 4034
551 139 703 198 CARMEN
720 144 767 200 IX.

315 298 346 355 in
369 295 494 355 formam
517 294 613 373 redigi
635 293 720 355 iubes
743 293 847 374 libelli,

316 386 466 462 ingentem
490 383 578 443 simul
601 390 631 443 ei
654 390 777 461 repente
800 384 911 443 fascem

316 473 438 534 conflari
461 472 588 532 invidiae
612 479 642 532 et
664 473 763 550 perire
787 469 940 532 chartam?

315 561 460 622 mandatis
483 560 621 640 famulor,
645 561 697 621 sed
721 568 787 621 ante
811 568 918 642 testor,

264 663 296 712 15
316 649 409 710 lector
433 668 505 729 quas
528 651 650 729 patieris
672 648 721 710 hio
744 648 882 710 salebras.

360 737 426 799 Non
449 757 502 798 nos
527 740 675 799 currimus
698 757 835 816 aggerem
857 746 1008 800 vetustum

315 847 372 889 nec
395 829 552 906 quicquam
577 829 724 907 invenies,
746 826 798 888 ubi
820 829 954 905 priorum

316 919 452 995 antiquas
474 922 551 976 terat
575 914 685 976 orbitas
708 915 818 976 Thalia.

315 1023 375 1066 non
398 1006 447 1065 hic
470 1004 623 1083 antipodas
648 1003 800 1083 salumque
824 1003 962 1087 rubrum,

263 1107 376 1156 2011011
398 1094 448 1153 hic
470 1093 653 1154 Memnonios
677 1112 816 1154 canemus
839 1093 927 1154 Indos

314 1184 445 1244 Aurorae
469 1182 531 1242 face
556 1183 650 1242 civica
672 1189 825 1263 perustos3

315 1290 375 1333 non
397 1271 549 1350 Artaxata,
574 1271 661 1352 Susa,
684 1270 803 1352 bactra,
827 1271 969 1355 Carrhas,

315 1378 374 1421 uon
398 1367 510 1420 coctam
533 1359 680 1438 Babylona
702 1360 880 1441 personabo,

319 1467 394 1528 quac
418 1448 532 1528 largum
556 1449 644 1510 fluvio
667 1455 772 1527 patens
796 1449 913 1510 alumno

265 1551 299 1600 25
319 1537 467 1599 inclusum
489 1537 564 1598 bibit
586 1537 656 1597 hinc
679 1545 708 1597 et
731 1537 800 1598 inde
823 1539 944 1618 Tigrim.

316 1644 377 1687 non
400 1626 449 1686 hic
471 1626 600 1705 Assyriis
624 1625 734 1686 Ninum
755 1628 900 1709 priorem,

314 1735 375 1776 uon
397 1715 490 1775 Medis
514 1721 602 1794 caput
623 1713 757 1776 Arbacen
779 1714 931 1797 profabor,

315 1823 371 1865 nec
394 1822 482 1883 quam
506 1803 608 1883 divite,
632 1821 699 1864 cum
722 1805 832 1883 refugit
854 1805 984 1886 hostem,

317 1895 390 1954 arsit
413 1891 637 1972 Sardanapallus
661 1895 692 1952 in
716 1893 821 1953 favilla.

262 1997 296 2045 30
315 2001 375 2043 non
399 1981 507 2060 Cyrum
530 1981 664 2060 Astyagis
684 1981 787 2060 loquar
809 1989 961 2064 nepotem,

314 2073 459 2132 nutritum
483 2069 574 2130 ubere
599 2088 687 2148 quem
710 2070 810 2131 ferunt
833 2073 952 2152 canino,

315 2161 399 2220 cuius
423 2177 483 2218 non
506 2157 596 2219 valuit
618 2161 809 2238 rapacitatem

313 2247 360 2308 vel
382 2246 456 2326 Lydi
479 2248 585 2308 satiare
604 2265 673 2326 gaza
696 2247 811 2330 Croesi3

316 2338 400 2397 cuius
423 2353 479 2396 nec
502 2336 603 2396 feritas
628 2337 748 2398 subacta
772 2344 844 2399 tunc
868 2345 926 2418 est,

261 2438 295 2488 35
316 2427 410 2486 caesis
433 2424 553 2485 milibus
576 2432 643 2486 ante
667 2445 735 2487 cum
758 2427 893 2487 ducentis

314 2513 452 2574 invallis
476 2513 629 2593 Scythicae
653 2523 771 2576 coactus
795 2523 891 2576 artum

315 2602 433 2664 orbatae
457 2603 493 2663 ad
516 2603 650 2682 Tomyris
674 2607 789 2665 veniret
811 2612 916 2665 utrem.

359 2692 424 2752 Non
446 2692 495 2753 hic
519 2692 679 2771 Cecropios
702 2693 783 2772 leges
807 2693 989 2773 triumphos,

313 2781 360 2841 vel
384 2783 410 2840 si
433 2800 491 2860 quo
514 2781 665 2841 Marathon
688 2781 775 2842 rubei
797 2780 908 2863 duello,

248 2881 294 2931 140
314 2877 377 2950 aut,
401 2888 467 2930 cum
491 2869 572 2930 milia
595 2870 674 2930 mille
699 2873 873 2951 concitaret,

314 2958 448 3019 inflatum
476 2961 688 3019 numerositate
710 2959 843 3040 Xerxen,

315 3053 402 3125 atque
425 3047 505 3108 hunc
528 3047 700 3109 fluminibus
724 3051 795 3108 satis
817 3047 973 3126 profundis

315 3136 470 3196 confestim
495 3135 614 3197 ebibitis
638 3136 731 3198 adhuc
755 3139 867 3218 sitisse,

316 3243 371 3285 nec
394 3243 454 3285 non
477 3225 687 3305 Thermopylas
712 3233 741 3286 et
763 3225 862 3286 Helles
885 3225 979 3286 undas

262 3325 295 3374 45
316 3316 424 3392 spretis
448 3313 582 3376 obicibus
606 3314 662 3375 soli
685 3315 798 3395 salique

227 3503 260 3553 19
279 3492 442 3570 om.P1l44
460 3502 556 3557 Helles
575 3503 644 3558 Lac.
659 3503 793 3559 Mueller:
810 3502 895 3556 hellis
916 3503 1009 3573 OTF,
1028 3502 1101 3558 helia
1120 3503 1172 3578 Py
