2610 4056
179 151 245 216 222
554 151 663 206 LIBER
681 151 812 210 NONUS.

179 308 340 380 grammata
363 304 494 362 recentia
513 302 599 362 modo
619 301 699 362 nulla
718 300 844 381 dictabo,
863 302 904 362 ita
921 301 1045 381 litteras,
1069 305 1097 362 si
1121 323 1211 383 quae
1279 299 1280 344 ³

179 390 319 452 iacebunt
349 409 439 451 versu
471 390 612 471 refertae,
654 390 769 451 scilicet
801 397 867 450 ante
900 393 1068 469 praesentis
1103 394 1210 454 ollicii

179 482 396 560 necessitatem,
414 481 529 540 mittam
547 479 613 560 tibi,
631 487 745 560 patena,
763 495 800 539 ne
819 485 852 540 tu
867 481 908 539 sis
923 488 1044 539 eatenus
1059 482 1209 544 iustitiae

178 571 404 649 praevaricator,
427 576 460 630 ut
478 587 525 628 me
545 570 676 648 opineris
694 586 855 647 numquam
874 567 911 627 ab
930 555 1103 630 huibsmodi
1125 590 1206 632 con-

151 659 341 736 ascriptione
364 665 606 736 temperaturum.
643 658 838 736 nequeenim
858 657 998 736 suffragio
1021 665 1072 718 tuo
1092 661 1209 722 minus

179 765 295 827 augear,
319 749 345 807 si
369 747 444 810 sorte
468 747 600 824 digneris
619 748 678 806 iam
696 745 863 808 modestum
881 748 980 824 potius
1000 765 1091 825 quam
1115 749 1204 810 face-

178 844 241 896 tum
264 831 356 916 <me>
380 837 557 898 existimare.
594 835 665 896 vale.

640 1059 728 1125 XIII.

356 1137 525 1238 arbonius
542 1181 731 1238 TONANTIO
750 1181 819 1238 SUO
840 1181 1016 1275 sanorum.

246 1295 274 1358 1.
306 1296 360 1357 Est
387 1296 521 1377 quidem,
549 1296 656 1376 fateor,
687 1295 823 1356 versibus
855 1298 931 1356 meis
961 1299 1109 1357 sententia
1146 1307 1199 1360 tua

139 1398 165 1438 10
178 1393 238 1446 tam
261 1385 426 1465 plausibilis
451 1385 530 1466 olim,
552 1392 613 1446 tam
636 1384 814 1466 favorabilis,
833 1391 866 1445 ut
883 1392 1038 1464 poetarum
1057 1405 1106 1447 me
1127 1392 1197 1466 qui-

177 1474 292 1554 busque
316 1474 485 1536 lectissimis
509 1474 738 1554 comparandum
762 1480 857 1554 putes,
881 1481 962 1534 certe
985 1473 1197 1553 compluribus

178 1564 424 1643 anteponendum.
471 1562 624 1624 crederem
648 1562 716 1645 tibi,
740 1565 863 1644 sinon,
894 1570 927 1623 ut
949 1562 1076 1623 multum
1101 1569 1197 1647 sapis,

177 1655 218 1713 ita
238 1671 354 1732 quoque
374 1646 499 1714 multum
518 1671 565 1712 me
584 1670 706 1712 amares.
734 1652 804 1713 hinc
823 1651 966 1730 estquod
990 1652 1026 1712 de
1050 1652 1194 1715 laudibus

177 1745 253 1802 meis
267 1745 374 1803 caritas
389 1749 439 1802 tua
455 1743 577 1802 mentiri
590 1747 688 1820 potest
702 1759 757 1802 nec
771 1747 870 1820 potest
883 1740 992 1802 fallere.
1026 1738 1054 1800 2.
1069 1751 1195 1820 praeter

138 1842 163 1883 1⁵
176 1831 233 1892 hoc
256 1833 364 1911 poscis,
387 1838 421 1891 ut
438 1831 597 1890 Horatiana
620 1829 728 1890 incude
747 1830 888 1890 lormatos
906 1828 1115 1909 Asclepiadeos
1136 1832 1195 1892 tibi

177 1922 341 2000 quospiam,
364 1919 472 1998 quibus
495 1921 574 1979 inter
593 1917 754 1979 bibendum
773 1918 1000 1997 pronuntiandis
1020 1936 1194 2002 exerceare,

108 2007 111 2014 '
176 2011 382 2070 transmittam.
428 2026 518 2087 pareo
550 2009 709 2088 iniunctis,
741 2006 823 2088 licet,
855 2009 882 2067 si
913 2025 1067 2088 umquam,
1100 2010 1194 2071 modo

175 2100 303 2157 maxime
326 2099 460 2176 prosario
484 2096 625 2174 loquendi
647 2113 755 2174 genere
779 2097 932 2157 districtus
956 2103 1193 2177 occupatusque.

177 2186 304 2264 denique
327 2185 467 2264 probabis
494 2187 575 2246 circa
606 2203 660 2244 nos
687 2185 815 2263 plurima
842 2204 878 2245 ex
910 2191 993 2264 parte
1018 2194 1200 2276 metrorum,

135 2287 161 2326 2⁰
176 2274 273 2334 studia
295 2275 505 2354 refrigescere3
532 2293 592 2334 non
621 2277 701 2334 enim
724 2280 893 2354 promptum
918 2280 963 2334 est
990 2292 1085 2334 unum
1115 2294 1193 2337 eun-

174 2363 300 2442 demque
323 2362 416 2442 probe
440 2363 537 2424 laoere
561 2362 671 2442 aliquid
695 2371 725 2424 et
747 2359 823 2424 raro.

373 2487 434 2547 lam
457 2486 568 2548 dudum
590 2494 700 2548 teretes
723 2487 983 2566 hendecasyllabos

329 2579 429 2637 attrito
454 2577 573 2637 calamis
595 2576 702 2656 pollice
726 2576 864 2656 lusimuS,

329 2684 403 2746 quos
427 2673 546 2726 eantare
569 2668 664 2745 magis
686 2684 741 2744 pro
765 2665 973 2726 choriambicis

328 2773 452 2815 excusso
475 2762 595 2834 poteras
618 2753 756 2815 mobilius
779 2754 868 2835 pede;

287 2857 303 2906 o
328 2844 379 2905 sed
402 2851 435 2905 tu
458 2863 512 2923 per
535 2843 653 2905 Calabri
676 2845 803 2903 tramitis
827 2861 964 2922 aggerem

326 2935 371 2993 vis
394 2942 428 2993 ut
450 2939 552 2993 nostra
576 2932 683 2993 dehinc
707 2935 831 2992 cursitet
854 2930 963 3011 orbita,

327 3040 385 3101 qna
407 3021 530 3082 Flaccus
554 3020 661 3100 lyricos
684 3020 872 3081 Pindaricum
896 3019 932 3081 ad
955 3018 1048 3080 melos
1141 3027 1146 3036 '

327 3111 419 3171 irenis
443 3110 526 3170 llexit
550 3127 642 3188 equos
665 3108 958 3190 plectripotentibus,
1040 3159 1044 3166 .

328 3199 398 3261 dum
421 3206 516 3259 metro
540 3200 671 3277 quatitur
694 3198 804 3260 chorda
827 3198 981 3278 Glyconio,

243 3377 259 3424 6
278 3387 311 3425 ec
329 3370 453 3425 facetum
476 3371 508 3424 ira
529 3385 583 3425 ras.
604 3370 652 3441 leg.
673 3371 766 3424 cetum
784 3371 816 3425 in
833 3369 890 3439 M¹,
912 3371 944 3423 bu
962 3371 993 3423 in
1012 3367 1047 3424 θ’
1070 3371 1080 3438 ΙΙ
1104 3369 1121 3422 7
1140 3389 1190 3426 me

171 3442 280 3509 addidi,
297 3459 347 3497 om.
367 3443 443 3496 codd.
465 3444 474 3511 ΙΙ
499 3445 529 3494 11
549 3440 781 3511 quamplurimis
802 3441 831 3510 0,
849 3441 895 3496 rel
913 3438 1104 3510 compluribus
1124 3457 1145 3496 s.
1168 3445 1186 3498 l.

171 3513 235 3566 add.
253 3512 285 3567 0¹
299 3516 308 3582 ΙΙ
324 3518 355 3566 17
374 3511 443 3566 lieeb
462 3511 515 3566 sim
534 3527 621 3580 usque
640 3512 724 3566 modo
744 3512 767 3568 G
777 3513 787 3582 ΙΙ
1238 3511 1240 3518 ’
