2614 4030
179 201 219 256 vr
498 257 504 268 „
576 197 790 254 numiano.

179 369 216 410 cx
239 352 406 410 coniectura
426 349 542 409 videtur
562 350 748 429 emendasse3
773 347 825 408 sed
844 356 943 408 tamen
962 351 1026 409 eius
1045 349 1190 410 lectiones
1303 379 1304 394 Ι

180 442 315 499 omittere
335 437 430 519 uolui,
449 439 517 516 quia
536 456 678 517 persaepe
702 445 804 497 contra
827 436 959 516 reliquos
983 457 1050 498 cum
1069 438 1092 497 L
1111 438 1190 499 lacit.

178 528 206 587 M
230 535 328 588 autem
355 534 388 587 ut
415 545 530 608 verum,
559 527 610 587 ubi
632 525 684 585 LT
708 533 821 605 extant,
849 525 930 585 solus
959 527 1034 587 nihil
1062 529 1191 588 servavit

177 619 218 677 ita
248 619 280 676 in
307 619 350 676 eis
378 616 571 695 epistularum
599 615 746 695 partibuS,
781 613 833 674 ubi
855 614 899 674 illi
923 614 1042 696 desunt,
1065 618 1190 678 minime

177 704 376 784 neglegendus
400 711 453 764 ost.

243 794 323 864 Quae
347 811 414 854 curn
434 795 474 853 ita
493 795 565 874 sint,
589 794 721 870 quamvis
741 791 865 852 multum
884 790 1034 853 Laudiano
1053 792 1190 854 tribuen-

177 883 246 944 dum
271 885 322 963 sit,
346 884 431 943 arrius
454 884 499 942 rei
522 885 552 941 in
577 881 668 941 altera
686 888 770 960 parte
789 880 980 960 praelationis
1000 885 1072 943 satis
1096 882 1190 943 multa

176 972 351 1032 documenta
379 972 514 1050 afferam,
546 989 606 1031 non
637 977 735 1030 tamen
768 988 802 1030 ea
835 979 881 1030 est
907 970 996 1030 huius
1024 971 1094 1032 libri
1118 990 1190 1032 con·
1304 1017 1305 1046 ,

177 1061 271 1140 dicio,
301 1068 334 1120 ut
364 1077 481 1139 semper
513 1078 580 1120 eum
614 1061 699 1138 sequi
730 1058 824 1119 liceat.
878 1057 951 1118 Nam
979 1066 1191 1139 praeterquam
1304 1065 1305 1068 ’

177 1150 254 1227 quod
278 1148 369 1209 multa
393 1167 460 1210 cum
484 1151 620 1208 omisisse
643 1147 784 1227 vidimus,
813 1165 887 1225 quae
911 1149 942 1207 in
966 1156 1049 1227 parte
1073 1155 1189 1209 cetero-

176 1256 242 1298 rum
266 1257 302 1298 ex
325 1237 382 1297 alio
406 1237 563 1317 archetypo
588 1236 721 1316 suppleta
741 1242 823 1315 sunt,
846 1239 909 1314 ipse
931 1255 1048 1316 quoque
1067 1255 1127 1297 non
1146 1240 1190 1299 ita

175 1345 268 1406 pauca
299 1325 388 1387 habet
420 1325 533 1386 librarii
566 1343 667 1385 errore
700 1327 760 1385 sive
791 1327 906 1385 incuria
938 1334 1057 1404 peccata
1089 1345 1188 1405 neque

176 1434 298 1494 prorsus
331 1417 374 1475 cis
406 1414 582 1494 corruptelis
614 1421 709 1494 vacat,
742 1432 816 1493 quae
849 1413 996 1493 quandam
1025 1415 1187 1494 interpola-

175 1507 265 1564 tionis
299 1506 498 1582 suspicionem
530 1521 648 1564 movere
681 1505 804 1582 possint.
850 1502 891 1564 Cf.
920 1521 965 1582 ep.
985 1503 1006 1583 1,
1028 1500 1097 1584 1,1
1132 1524 1188 1566 aas

175 1611 294 1664 omracs;
316 1593 337 1673 Ι,
352 1592 381 1673 8,
396 1591 417 1654 2
436 1601 555 1655 ventres
574 1596 677 1668 fluant
695 1584 821 1674 (CTM1
839 1599 919 1652 recte
939 1601 1041 1652 turres
1053 1595 1187 1668 flauam

174 1681 219 1763 vt,
242 1679 306 1762 1‚3
335 1686 515 1743 triariorum
537 1699 591 1761 pro
615 1684 826 1743 trahariorum
854 1683 1039 1759 maximeque
1063 1681 1084 1760 1,
1105 1678 1134 1762 9,
1154 1680 1185 1763 3,

174 1770 238 1850 uhi,
266 1770 344 1850 quod
371 1789 425 1850 pro
452 1790 524 1832 sera
551 1773 582 1830 in
610 1768 633 1828 L
660 1769 769 1847 legitur
796 1773 891 1844 seria,
927 1770 1114 1830 antecedenti
1141 1770 1188 1831 illi

175 1863 311 1921 iucunda
330 1859 463 1919 consulto
478 1861 646 1938 oppositum
660 1858 784 1918 videtur.
809 1857 896 1919 Certe
910 1857 1066 1918 librarium
1081 1857 1186 1920 Latine

174 1948 411 2008 indoctissimum
431 1947 536 2056 spisse,
559 1946 589 2005 id
609 1946 687 2026 quod
707 1946 766 2006 Leo
785 1947 860 2027 vult,
884 1947 1022 2026 equidem
1040 1965 1099 2007 non
1119 1967 1185 2009 cre-

174 2037 314 2117 diderim,
342 2035 412 2096 licet
439 2035 598 2096 concedam
621 2035 777 2096 nonnullas
800 2036 970 2096 huiusmodi
1000 2036 1186 2116 corruptelas

174 2126 209 2186 ad
242 2127 352 2185 variam
382 2125 539 2185 lectionem
571 2127 601 2184 in
634 2127 784 2185 communi
816 2125 973 2203 archetypo
1006 2125 1187 2204 adscriptam

174 2215 280 2274 referri
302 2231 389 2292 posse
414 2207 465 2296 (ei.
481 2231 525 2292 cp.
542 2213 597 2294 Vll,
614 2209 664 2294 14,
678 2210 707 2293 3,
726 2212 777 2273 ubi
801 2213 909 2292 duplex
933 2215 1079 2292 scriptura
1098 2223 1184 2276 artu-

175 2305 254 2364 tr'bas
282 2304 313 2361 in
340 2302 363 2361 L
387 2309 501 2362 servata
524 2308 582 2381 est,
613 2305 646 2362 in
673 2301 725 2361 TF
748 2304 876 2363 artabas
898 2302 1019 2382 legitur,
1046 2304 1078 2362 in
1100 2302 1186 2365 MCP

175 2393 316 2464 artibus).
353 2390 424 2450 Utut
448 2398 506 2470 est,
529 2409 566 2451 nc
586 2389 736 2451 Laudiano
756 2390 875 2470 quidem
896 2393 940 2451 sic
959 2397 1072 2451 temere
1096 2392 1185 2452 fidem

174 2478 338 2540 habendam
362 2486 443 2540 ratus
463 2472 514 2562 (cl.
530 2498 574 2558 ep.
594 2479 665 2560 vul,
679 2478 709 2558 4,
724 2478 753 2559 4,
773 2480 836 2559 ubi,
860 2479 938 2558 quod
961 2478 1184 2558 Luetjohannus

173 2586 233 2629 uno
252 2568 275 2627 L
293 2571 380 2628 nixus
396 2571 570 2645 principale
593 2577 622 2630 te
641 2571 769 2650 scripsit,
793 2568 884 2628 simili
906 2568 971 2628 loco
995 2587 1039 2648 ep.
1054 2567 1102 2648 ΙΙΙ,
1118 2566 1183 2650 3,3

174 2658 297 2718 refutari
319 2650 497 2741 videbatur),
515 2676 583 2718 cum
602 2676 637 2717 ex
657 2660 709 2739 eis,
733 2675 807 2736 quae
827 2656 1058 2738 Gustafssonius‚
1077 2657 1184 2738 Engel-

173 2745 325 2806 hrechtius
354 2739 524 2829 (‘Beitrdge
547 2765 600 2806 zur
623 2745 696 2806 Krit.
719 2765 747 2806 u.
771 2745 884 2806 Erklar.
908 2747 934 2806 d.
959 2745 1056 2806 Briete
1080 2747 1107 2807 d.
1130 2749 1183 2827 Ap.

174 2828 280 2919 Sid'),
308 2834 507 2897 Chatelainius
539 2828 639 2918 (³Rev.
663 2830 739 2895 crit'
764 2853 791 2895 n.
814 2833 854 2897 16
873 2853 901 2914 p.
922 2829 1112 2919 308-311)
1146 2837 1183 2897 de

174 2923 309 2984 codicum
332 2924 559 2984 Sidonianorum
582 2927 696 2985 ratione
720 2931 933 3005 exposuerunt,
961 2923 1184 3006 intellexissem,

174 3023 355 3090 quantopere
377 3015 537 3073 interesset
565 3012 600 3073 ad
623 3031 728 3072 novam
755 3015 961 3073 recensionem
991 3012 1063 3073 alios
1090 3012 1183 3074 libros

128 3105 155 3160 N
174 3098 217 3159 illi
250 3118 337 3178 quam
370 3100 537 3162 simillimos
574 3104 779 3181 imprimisque
817 3102 949 3162 codicem
981 3101 1182 3163 Parisinum

175 3185 284 3251 18584
303 3207 326 3250 s.
344 3189 370 3248 X
388 3189 541 3270 adhihere,
565 3208 653 3269 quem
671 3188 892 3269 Luetjohannus
911 3192 976 3270 ipse
998 3197 1092 3250 totum
1113 3209 1183 3252 con·

173 3276 254 3358 lunt,
282 3277 336 3337 lrac
364 3277 518 3338 collatione
547 3277 677 3339 Barolini
705 3284 818 3339 servata
846 3287 879 3340 ut
906 3279 979 3339 mihi
1003 3281 1047 3339 uti
1069 3279 1183 3361 liceret,

174 3369 332 3445 impetrare
361 3374 483 3427 conatus
511 3385 590 3448 sum3
619 3367 696 3446 quod
726 3369 824 3446 ipsum
852 3371 909 3429 etsi
938 3368 1012 3428 mihi
1043 3376 1182 3447 negatum

174 3461 232 3534 est,
263 3454 292 3514 id
321 3454 440 3533 quidem
469 3455 611 3534 singulari
639 3455 671 3516 E.
695 3455 875 3518 lluemmleri
898 3456 1073 3517 liberalitate
1101 3476 1182 3518 asse·

171 3549 260 3602 cutirs
285 3561 364 3624 sum,
396 3551 429 3603 ut
459 3543 596 3604 omnihus
622 3543 695 3605 locis
719 3545 903 3624 gravioribus
927 3545 1070 3606 lectiones
1093 3547 1182 3608 huius
