2628 4034
535 196 689 252 CABMEN
706 198 740 255 V.
1079 199 1142 264 271

148 349 278 409 estetsi
302 364 362 407 non
385 348 474 429 acies,
497 346 638 407 decorant
660 353 759 408 tamen
783 349 840 408 ista
861 348 1036 427 triumphos.

218 453 274 496 nec
297 453 345 496 me
369 434 496 514 Lageam
520 437 643 515 stirpem
667 454 847 496 memorasse
871 436 984 516 pigebit

216 525 311 585 hostis
335 525 371 585 ad
394 524 563 604 exemplum
585 527 690 605 restri3
717 543 846 604 namque
874 543 1003 604 auguror
1025 525 1142 588 hisdem

219 616 319 692 regnis
343 614 491 675 fortunam
515 613 652 694 similem,
676 632 743 674 cum
767 613 854 674 luxus
877 616 909 674 in
932 613 983 674 illa

218 710 301 782 parte
325 705 365 762 sit
387 702 526 782 aequalis,
550 721 605 763 neo
628 705 713 782 peior
737 702 845 764 Caesar
867 706 899 763 in
922 705 985 764 ista.

145 803 197 852 tto
217 791 299 853 ilicet
322 791 501 873 aggrederis,
524 791 603 870 quod
626 779 725 853 nullus
748 798 882 871 tempore
904 800 1008 853 nostro

217 880 368 959 Augustus
390 883 500 960 potuit:
523 880 653 959 rigidum
676 881 878 961 septemplicis
901 880 995 943 Histri

217 987 323 1048 agmen
345 972 378 1029 in
400 987 481 1030 arma
505 973 594 1048 rapis,
641 987 709 1031 nam
733 969 875 1049 quicquid
899 969 1055 1049 languidus
1078 973 1142 1032 axis

217 1059 337 1119 cardine
361 1059 495 1120 Sithonio
520 1058 575 1119 sub
598 1058 742 1119 Parrhase
765 1061 893 1138 parturit
915 1058 999 1140 Ursa,

218 1147 274 1207 hoc
297 1154 393 1209 totum
415 1155 466 1210 tua
490 1150 573 1226 signa
596 1154 695 1229 pavet;
718 1147 868 1224 Bastarna,
892 1147 1018 1228 Suebus,

145 1247 198 1298 475
218 1236 398 1317 Pannonius,
421 1235 548 1318 Neurus,
572 1235 703 1318 Chunus,
727 1235 808 1318 Geta,
831 1236 936 1318 Dacus,
959 1236 1098 1319 HalanuS,

215 1324 395 1408 Bellonotus,
417 1325 528 1407 Rugus,
551 1325 732 1407 Burgundio,
754 1326 858 1406 Vesus,
881 1326 983 1406 Alius,

214 1413 332 1497 Bisalta,
355 1414 562 1496 Ostrogothus,
585 1414 768 1495 Procrustes,
792 1415 933 1496 Sarmata,
958 1414 1098 1476 Moschus

215 1510 282 1583 post
306 1503 418 1583 aquilas
441 1521 550 1564 venere
571 1511 651 1584 tuas,
674 1503 730 1564 tibi
753 1502 861 1564 militat
884 1507 981 1565 omnis

215 1592 363 1654 Caucasus
387 1600 417 1654 et
440 1593 594 1672 Scythicae
617 1599 705 1672 potor
727 1592 896 1654 Tanaiticus
920 1593 1025 1654 undae.

144 1692 195 1742 489
215 1682 286 1761 quid
310 1683 397 1743 saciat
419 1683 537 1743 fortuna
559 1678 638 1741 viri?
661 1699 863 1761 quascumque
887 1684 1026 1762 minatur,

214 1771 268 1830 has
291 1773 414 1833 tremuit
435 1774 494 1832 iam
511 1770 604 1832 Roma
624 1787 743 1852 manus,
766 1770 854 1831 modo
873 1773 1008 1850 principe
1027 1769 1082 1830 sub
1101 1777 1141 1852 te,

214 1877 251 1918 ne
276 1865 396 1940 metuat,
419 1879 511 1941 prope
534 1879 624 1940 parva
646 1866 739 1941 putat,
762 1862 821 1920 nisi
844 1861 954 1920 serviat
976 1858 1029 1939 illi,

216 1948 293 2028 quod
318 1951 417 2009 timuit
440 1958 582 2028 regnante
606 1948 671 2010 alio.
718 1952 777 2009 iam
801 1956 897 2010 eastra
920 1947 1058 2009 movebas

217 2044 246 2097 et
269 2045 298 2096 te
323 2037 448 2098 dirersis
472 2037 622 2117 stipabant
643 2038 727 2099 milia
751 2040 857 2117 siguis:

143 2136 196 2185 485
217 2124 393 2205 obsequium
416 2144 488 2204 gens
512 2145 570 2187 una
592 2135 689 2207 negat,
714 2145 788 2206 quae
811 2145 907 2206 nuper
930 2126 967 2186 ab
989 2125 1090 2187 Histro

215 2213 329 2274 rettulit
352 2214 529 2275 indomitum
553 2214 640 2277 solito
663 2216 859 2277 truculentior
883 2233 996 2296 agmen,

216 2303 294 2383 quod
318 2303 446 2364 dominis
470 2323 524 2382 per
546 2302 622 2364 bella
646 2311 728 2365 earet
749 2305 918 2384 populoque
943 2304 1071 2384 superbo

218 2391 333 2453 Tuldila
356 2392 527 2472 plectendas
550 2395 582 2453 in
605 2391 717 2471 proeha
742 2396 874 2472 suggerit
896 2395 964 2453 iras.

215 2481 264 2541 hic
287 2488 320 2542 tn
343 2484 391 2542 vix
416 2484 506 2542 armis
529 2483 635 2560 positis
658 2483 767 2541 iterum
792 2500 872 2541 arma
894 2488 1056 2542 retractas:

146 2581 198 2631 490
217 2569 386 2631 Bistonides
409 2570 500 2632 veluti
524 2570 666 2631 Ciconum
690 2588 758 2630 cum
781 2571 855 2630 lorte
879 2572 1002 2649 pruinas

217 2657 337 2738 Ogygiis
362 2660 511 2739 complent
533 2661 654 2739 thiasis,
678 2677 731 2720 seu
755 2659 928 2736 Strymonos
951 2660 1030 2718 arvis

215 2765 269 2808 sen
293 2766 325 2809 se
347 2767 403 2827 per
424 2748 588 2828 Rhodopen
612 2767 678 2829 seu,
706 2766 763 2827 qua
792 2746 945 2807 nimbosus
974 2749 1005 2806 in
1029 2764 1141 2826 aequor

215 2835 305 2897 volvit
327 2836 526 2916 Hyperboreis
549 2840 581 2898 in
604 2836 740 2898 cautibus
762 2835 918 2897 Hismarus
941 2834 1090 2917 Hebrum,

214 2924 264 2985 dat
288 2944 392 2986 somno
415 2945 487 3005 vaga
509 2925 610 3007 turba,
634 2926 723 2988 simul
747 2925 852 2987 lassata
876 2927 1035 3003 quiescunt

143 3025 194 3074 495
215 3016 296 3092 orgia
320 3021 350 3075 et
373 3015 409 3076 ad
432 3015 558 3076 hilorem
577 3014 680 3076 reboat
698 3033 754 3076 nec
772 3013 844 3074 tibia
863 3013 980 3094 ilatum3

214 3105 262 3163 vir
283 3107 416 3186 requies,
435 3107 493 3164 iam
512 3101 535 3182 †
554 3111 643 3184 ponte
663 3104 767 3185 ligant,
786 3111 863 3164 rotat
882 3103 988 3163 enthea
1006 3102 1141 3182 thyrsum

217 3191 350 3253 Bassaris
374 3201 404 3253 et
426 3193 550 3254 maculis
572 3192 752 3273 Erythraeae
775 3191 916 3253 nebridos
939 3191 1065 3252 horrens

195 3420 247 3469 467
266 3415 357 3472 isdem
374 3417 458 3472 OTP
469 3421 479 3486 [Ι
493 3424 525 3472 49
530 3424 544 3473 7
564 3417 689 3472 Pirustes
703 3418 886 3474 Wilomowe'ta
899 3420 909 3486 b
922 3422 973 3472 491
990 3415 1140 3484 strymonio

129 3485 156 3554 0,
176 3485 319 3542 strimonis
341 3488 372 3543 F
391 3490 400 3558 ΙΙ
423 3493 476 3544 493
496 3489 604 3543 cotibus
624 3490 662 3543 M
680 3492 689 3555 ΙΙ
711 3495 764 3544 teo
784 3490 884 3559 sponte
904 3489 948 3559 ΤΙ
964 3487 1022 3542 iem
1041 3487 1140 3541 fronde

127 3556 220 3626 ligans
230 3559 393 3630 Mommsen,
407 3576 521 3630 campos
531 3560 661 3631 relegunt
669 3561 827 3630 Buecheler,
839 3567 951 3631 uterquc
964 3557 1141 3632 dubitanterll
