2636 4032
296 187 464 244 SIDONIUS
483 187 668 243 EUUHERIO
689 187 756 243 SUO
776 187 953 244 SALUTEM.
1086 189 1126 253 61

113 341 265 402 felicitatis
293 346 477 418 naturaeque
507 339 583 398 dona
610 338 821 399 monstrabilis.
868 337 897 401 3.
922 357 1036 399 summa
1060 358 1128 399 cen-

112 449 193 510 sura,
216 447 270 509 par
293 431 417 489 comitas
441 435 471 488 et
493 427 651 507 prudentia
675 428 806 506 fidesque
830 431 922 488 misso
941 430 1129 507 mittentique

112 521 309 599 conveniens;
332 516 408 577 nihil
428 517 596 578 affectatum
616 517 843 597 simulatumque
863 517 1047 597 ponderique
1067 536 1130 578 ser-

110 626 237 670 monum
258 625 328 666 vera
351 608 450 685 potius
475 608 617 666 severitas
641 624 729 685 quam
749 608 915 667 severitatis
939 609 1077 687 indatio,
1102 613 1131 666 et

111 717 180 778 nec,
199 704 233 757 ut
250 695 382 776 plurimi,
401 697 453 774 qui
472 713 541 755 cum
560 694 672 755 credita
690 694 860 756 diffidenter
876 695 1011 776 allegant,
1030 695 1132 756 volunt
1158 709 1171 750 a

111 787 212 847 videri
235 786 333 864 egisse
358 802 390 844 se
414 786 539 864 cautius,
563 783 615 844 sed
638 802 735 863 neque
755 803 791 844 ex
810 783 870 865 illo,
892 785 1053 864 utlerunt,
1076 803 1131 845 nu·

112 893 215 955 mero,
244 875 295 953 qui
319 879 435 933 secreta
457 873 639 951 dirigentum'
668 875 838 952 principum
861 873 1047 934 venditantes
1071 893 1132 934 am-

113 965 204 1024 biunt
232 982 248 1022 a
276 961 410 1022 barbaris
438 960 515 1022 bene
545 963 592 1040 agi
615 980 683 1022 cum
710 961 806 1040 legato
829 965 929 1041 potius
952 981 1041 1040 quam
1064 981 1132 1022 cum

113 1054 272 1132 legatione.
318 1048 348 1110 4.
376 1050 456 1111 hunc
483 1049 569 1111 nobis
596 1069 714 1111 morum
741 1053 798 1111 viri
825 1059 960 1111 tenorem
984 1051 1132 1112 secundus

114 1160 221 1202 rumor
242 1142 363 1200 invexit.
400 1139 536 1199 mandate
559 1141 736 1220 perniciter,
760 1142 879 1201 sivero
903 1140 981 1200 dicta
1004 1154 1173 1219 conquat-10

114 1232 218 1310 drant,
245 1236 278 1290 ut
305 1231 451 1307 tantisper
479 1246 495 1289 a
517 1228 654 1307 pervigili
678 1231 804 1289 statione
827 1232 989 1310 respirent,
1018 1248 1093 1309 quos
1116 1249 1133 1289 a

114 1317 282 1380 muralibus
310 1317 443 1379 excubiis
471 1335 532 1377 non
560 1317 623 1378 dies
651 1317 825 1399 ninguidus,
852 1336 912 1378 non
940 1337 998 1379 nox
1021 1318 1132 1379 inlunis

116 1416 147 1470 et
171 1406 291 1469 turbida
313 1409 449 1486 receptui
468 1424 575 1467 canere
594 1406 787 1487 persuadent3
811 1409 889 1488 quia,
913 1410 970 1468 etsi
988 1406 1133 1468 barbarus

118 1501 151 1559 in
170 1497 296 1557 hiberna
315 1495 466 1576 concedat,
485 1513 569 1573 mage
589 1495 730 1556 dillerunt
750 1514 837 1574 quam
856 1495 1025 1575 relinquant
1042 1495 1133 1557 semel

118 1587 282 1647 radicatam
305 1584 394 1645 corda
417 1584 615 1645 formidinem.
657 1583 773 1664 palpate
796 1603 851 1645 nos
875 1588 1041 1667 prosperis,
1065 1587 1135 1664 quia
1148 1599 1174 1640 15

116 1682 222 1736 nostra
240 1693 301 1734 non
319 1681 380 1735 tam
398 1672 503 1753 procul
522 1680 567 1734 est
586 1692 602 1733 a
621 1673 705 1734 vobis
724 1691 813 1734 causa
827 1691 915 1752 quam
929 1677 1031 1754 patria.
1060 1673 1131 1735 vale.

584 1899 672 1965 VIII.

302 2021 469 2077 SIDONIUS
488 2020 672 2077 EUCHERIO
693 2022 760 2077 SUO
781 2021 958 2079 SALUTEM.
1027 2083 1030 2088 ,

193 2134 222 2198 l.
242 2136 374 2197 Veneror
388 2137 534 2216 antiquos,
552 2154 613 2196 non
626 2143 726 2197 tamur
741 2139 790 2218 ita,
808 2143 842 2197 ut
856 2138 907 2215 qui
921 2154 1137 2216 aequaevorum

121 2243 259 2288 meorum
282 2228 407 2286 virtutes
431 2231 482 2285 aut
500 2227 606 2285 merita
625 2232 808 2305 postponam.
840 2244 937 2305 neque
962 2227 988 2286 si
1006 2225 1137 2286 Romana

122 2315 292 2394 respublica
320 2316 351 2374 in
378 2313 452 2374 baec
479 2315 669 2374 miseriarum
697 2322 828 2376 extrema
856 2314 992 2396 delluxit,
1019 2322 1052 2376 ut
1076 2323 1137 2376 stu·
1151 2329 1177 2371 eo

122 2406 226 2464 diosos
246 2406 294 2464 sui
311 2420 472 2482 numquam
492 2410 710 2484 remuneretur,
732 2422 793 2464 non
810 2405 923 2465 idcirco
942 2403 1050 2464 Brutos
1065 2403 1137 2464 'lor-

123 2501 291 2573 quatosque
319 2510 380 2553 non
408 2493 529 2571 pariunt
557 2491 673 2552 saecula
700 2511 773 2554 mea.
820 2489 980 2571 ‘quorsum
1007 2491 1137 2554 istaec?'

125 2584 237 2662 inquis.
275 2582 311 2642 de
330 2589 359 2642 te
382 2580 457 2641 mihi
475 2581 511 2641 ad
530 2588 560 2640 te
584 2599 682 2641 sermo
706 2589 760 2663 est,
783 2585 830 2642 vir
852 2583 1067 2662 efficacissime,
1091 2585 1139 2642 cui

124 2672 216 2732 debet
233 2669 411 2751 respublica,
430 2670 509 2749 quod
529 2688 618 2749 supra
638 2670 725 2731 dictis
740 2670 870 2732 solutum
888 2670 987 2732 laudat
1005 2670 1138 2731 hlstoria.

123 2759 155 2820 2.
180 2768 360 2839 quapropter
388 2761 484 2837 ignari
512 2777 614 2819 rerum
641 2761 799 2820 temeraria
824 2760 933 2820 iudicia
957 2759 1139 2838 suspendant
1153 2773 1179 2814 25

125 2867 183 2909 nec
206 2854 398 2928 perseverent
421 2849 493 2908 satis
516 2854 567 2908 aut
590 2851 741 2928 suspicere
765 2850 942 2928 praeteritos
966 2856 1016 2909 aut
1039 2849 1138 2927 despi-

126 2956 196 2999 cere
211 2927 397 3018 praesentem
416 2937 656 3016 quandoquidem
670 2937 754 2997 facile
774 2937 910 2998 clarescit
924 2937 1139 3016 rempublicam

198 3132 212 3179 1
233 3126 307 3180 dona
325 3130 499 3195 naturaeque
520 3126 544 3182 U
564 3128 573 3195 ΙΙ
597 3133 613 3182 6
633 3143 662 3180 se
684 3128 744 3182 eccl.
764 3127 941 3196 Lacljoburm
957 3131 961 3188 Ι
977 3125 1028 3181 illo
1048 3128 1080 3179 ut
1099 3125 1140 3180 le-

123 3197 191 3250 runt
209 3197 275 3252 LN
281 3199 357 3266 VM,
381 3197 495 3251 illorum
517 3196 612 3252 ferunt
631 3197 655 3253 0
673 3200 683 3267 ΙΙ
706 3205 721 3251 ‘1
742 3196 923 3267 dirigentium
941 3199 979 3252 M
983 3197 1006 3252 0
1024 3200 1034 3267 ΙΙ
1057 3204 1073 3252 8
1092 3199 1140 3253 alt.

125 3285 191 3322 cum
208 3287 259 3325 om.
280 3270 316 3337 V,
338 3286 359 3324 s.
379 3271 396 3324 l.
416 3269 480 3324 add.
495 3269 533 3322 M
538 3269 547 3300 ¹
566 3275 592 3324 et
614 3269 742 3324 Vaticana.
758 3272 830 3324 3421
852 3287 886 3323 m.
903 3286 948 3338 pr.
971 3273 981 3340 ΙΙ
1004 3274 1038 3322 14
1056 3268 1140 3324 relin-

126 3343 219 3408 quunt
237 3341 414 3410 Laetjolrunn
427 3345 436 3410 ΙΙ
451 3346 483 3394 17
503 3346 587 3396 totum
610 3357 651 3410 ep.
671 3341 751 3396 VHI
764 3357 815 3394 om.
831 3341 856 3394 Τ
870 3342 874 3408 Ι
890 3342 1096 3410 incensationem
1112 3359 1140 3396 u.

124 3430 150 3467 a.
170 3429 194 3467 o.
214 3429 264 3467 om.
279 3412 330 3481 Lll
349 3418 381 3466 18
401 3411 462 3483 qui]
482 3411 580 3479 utique
599 3412 655 3467 Leo
678 3413 687 3481 ΙΙ
710 3417 743 3465 22
762 3427 826 3466 mea
845 3411 959 3465 saecule
978 3412 1002 3468 0
1023 3414 1027 3482 Ι
1051 3411 1142 3467 istaec
1220 3455 1224 3464 .

124 3483 162 3552 L,
182 3483 239 3538 ista
255 3482 308 3537 hec
326 3483 365 3552 N,
389 3482 447 3537 iste
464 3483 534 3536 haec
549 3481 612 3537 Mo
636 3484 645 3553 ΙΙ
672 3488 707 3536 24
725 3501 794 3554 quae
813 3489 877 3554 post
898 3482 1019 3538 historie
1043 3485 1091 3556 lep.
1110 3486 1142 3539 ln

129 3556 222 3611 codiee
236 3555 343 3610 Nauali
361 3561 387 3610 et
404 3555 461 3611 cod.
481 3556 582 3624 optimo
602 3555 774 3611 Wouooereoi
788 3557 850 3611 atde
868 3557 900 3610 in
913 3556 1004 3627 praefi
1019 3558 1035 3632 ll
