2636 4032
175 237 221 302 54
537 235 647 291 LIBER
665 235 829 291 TERTIUS.

174 385 303 447 biendus
327 386 442 447 aflectu.
489 385 562 448 deus
580 386 667 466 boue,
691 386 769 464 quod
788 386 928 465 gaudium
946 387 1003 447 fuit
1021 385 1192 467 laboriosiS,

176 494 245 536 cum
263 482 296 536 tu
311 482 445 537 sanctum
464 475 571 555 pedem
590 477 741 535 semirutis
760 475 916 536 moenibus
935 475 1075 537 intulisti!
1099 495 1191 557 quam

175 571 209 625 tu
239 563 274 624 ab
306 567 388 624 omui
416 564 519 625 ordine
549 583 622 624 seru
649 570 743 624 aetate
773 567 982 643 stipatissimus
1006 564 1191 626 ambiebare!
1294 567 1295 590 l

175 671 251 732 quae
276 653 346 714 salsi
369 671 438 732 erga
462 653 594 732 singulos
614 651 690 713 libra
709 652 869 713 sermonis!
893 672 981 732 quam
999 660 1029 714 te
1047 654 1192 715 blandum

149 744 271 823 spueri,
295 761 409 803 comem
430 744 561 823 iuvenes,
585 761 704 821 gravem
723 761 810 803 senes
829 741 1039 804 metiebantur!
1064 763 1136 822 quas
1155 751 1192 806 tu

177 830 313 892 lacrimas
335 838 369 892 ut
391 849 500 911 pareus
524 833 656 891 omnium
679 850 769 910 super
788 831 875 892 aedes
894 832 1031 892 incendio
1050 841 1191 912 prorutas

176 927 205 980 et
228 919 377 981 domicilia
401 922 542 981 semiusta
561 918 676 981 fudisti!
701 928 843 998 quantum
862 920 983 981 doluisti
1002 940 1121 1001 campos
1141 941 1190 984 se-

174 1008 273 1088 pultos
302 1008 420 1070 ossibus
449 1007 619 1089 insepultis!
653 1028 728 1088 quae
755 1017 805 1070 lua
838 1010 979 1089 deinceps
1011 1011 1190 1093 exhortatio,

175 1117 250 1176 quae
275 1101 492 1177 reparationem
517 1098 668 1158 suadentis
696 1097 880 1159 animositas!
927 1097 956 1158 2.
979 1099 1027 1159 his
1051 1100 1188 1182 adicitur,

133 1206 160 1246 10
175 1187 263 1268 quod,
287 1205 354 1248 cum
373 1189 523 1248 inveneris
545 1189 693 1248 civitatem
716 1207 776 1248 non
798 1191 897 1248 miuus
922 1190 1013 1249 civica
1037 1189 1188 1250 simultate

175 1295 262 1354 quam
285 1275 439 1336 barbarica
462 1278 632 1336 incursione
656 1285 817 1357 vacuatam,
840 1294 943 1356 pacem
962 1276 1101 1338 omnibus
1121 1296 1189 1339 sua-

174 1365 248 1425 dens
277 1366 429 1426 caritatem
457 1363 530 1446 illis,
562 1364 628 1425 illos
656 1368 768 1445 patriae
792 1365 957 1426 reddidisti.
1003 1366 1111 1445 quibus
1133 1376 1187 1429 tuo

173 1456 289 1514 monitu
320 1472 395 1528 non,
411 1456 510 1515 minus
541 1456 573 1514 in
605 1473 697 1516 unum
730 1453 887 1516 consilium
920 1474 1008 1534 quam
1035 1458 1067 1516 in
1094 1475 1189 1517 unum

175 1542 316 1621 oppidum
339 1542 557 1604 revertentibus
581 1546 660 1604 muri
682 1543 738 1604 tibi
761 1543 870 1604 debent
888 1543 1005 1624 plebem
1024 1545 1188 1626 reductam,

134 1650 160 1690 15
174 1631 258 1711 plebs
290 1632 412 1692 reducta
439 1632 636 1693 concordiam.
683 1635 822 1711 quocirca
850 1636 921 1694 satis
948 1639 979 1694 te
1006 1635 1061 1694 toti
1091 1652 1188 1714 suum,

174 1723 246 1781 satis
271 1739 302 1781 se
325 1723 381 1781 toti
402 1728 470 1781 tuos
494 1724 663 1802 aestimant;
691 1729 734 1802 et,
758 1740 832 1801 quae
861 1721 953 1800 gloria
981 1729 1031 1782 tua
1059 1726 1187 1783 maxima

174 1816 232 1890 est,
264 1811 386 1869 minime
419 1809 568 1871 falluntur.
624 1808 653 1872 3.
687 1809 860 1871 obversatur
893 1813 1003 1871 etenim
1035 1830 1090 1890 per
1122 1811 1186 1873 dies

173 1897 323 1960 mentibus
348 1899 540 1981 singulorum,
568 1899 647 1980 quod
670 1917 798 1978 persona
824 1907 918 1960 aetate
941 1902 1038 1978 gravis
1062 1902 1186 1961 infirmi-

174 1994 233 2047 tate
257 1987 379 2069 fragiliS,
402 1987 555 2050 nobilitate
578 1988 713 2051 sublimis
732 1987 877 2067 religione
895 1988 1073 2049 venerabilis
1094 1988 1187 2051 solius

133 2096 159 2135 20
173 2074 341 2137 dilectionis
365 2074 488 2137 obtentu
511 2076 657 2157 abrupisti
679 2084 723 2138 tot
746 2077 894 2158 repagula,
917 2085 961 2138 tot
985 2077 1114 2139 obiectas
1138 2098 1188 2138 ve-

173 2165 276 2225 niendi
301 2163 498 2246 difficultates,
526 2168 667 2228 itinerum
690 2165 828 2227 videlicet
850 2166 1067 2246 longitudinem
1088 2167 1187 2228 brevi·

172 2260 263 2314 tatem
287 2253 412 2334 dierum,
435 2256 549 2316 nivium
572 2257 687 2335 copiam
705 2258 862 2335 penuriam
880 2255 1065 2338 pabulorum,
1088 2255 1187 2318 latitu-

173 2342 258 2402 dines
282 2342 475 2403 solitudinum
498 2347 649 2423 augustias
671 2347 867 2426 mansionum,
894 2347 1009 2406 viarum
1031 2348 1188 2424 voragines

174 2438 224 2492 aut
250 2449 354 2492 umore
381 2431 522 2492 imbrium
549 2440 652 2513 putres
680 2441 730 2494 aut
757 2435 902 2513 frigorum
930 2436 1063 2496 siccitate
1090 2435 1187 2496 tribu-

133 2537 160 2579 25
173 2519 261 2600 losas,
289 2520 325 2580 ad
347 2520 403 2581 boc
433 2527 483 2581 aut
506 2540 628 2600 aggeres
652 2525 730 2582 saxis
759 2541 880 2602 asperos
908 2530 959 2584 aut
985 2523 1090 2584 fluvios
1119 2524 1188 2603 gelu

173 2607 304 2670 lubricos
328 2617 379 2670 aut
401 2609 491 2671 colles
519 2629 646 2672 ascensu
669 2610 836 2672 salebrosos
860 2619 910 2673 aut
935 2611 1025 2672 valles
1049 2613 1188 2693 lapsuum
1294 2647 1295 2652 κ

173 2697 346 2759 assiduitate
370 2698 503 2779 derasas;
526 2718 580 2778 per
604 2718 678 2778 quae
703 2703 800 2760 omnia
819 2701 1014 2782 incommoda,
1038 2705 1187 2780 quianon

172 2789 319 2867 privatum
343 2787 530 2849 commodum
553 2788 735 2868 requirebas,
763 2807 894 2850 amorem
916 2789 1069 2869 publicum
1092 2798 1187 2852 rettu-

172 2875 242 2938 listi.
288 2875 318 2938 4.
343 2877 422 2956 quod
444 2884 545 2958 restat,
574 2877 662 2938 deum
685 2896 851 2959 precamur,
874 2886 907 2940 ut
935 2881 999 2938 aevi
1027 2882 1115 2940 metis
1140 2899 1187 2941 se-

134 2984 160 3024 ro
175 2966 305 3026 cundum
332 2973 400 3026 vota
426 2967 571 3045 promotis
598 2966 745 3027 bonorum
772 2969 918 3028 amicitias
941 2967 1114 3029 indefessim
1137 2988 1189 3030 ex-

173 3061 257 3134 petas
272 3057 371 3135 capias
386 3055 498 3115 referas
514 3062 713 3135 sequaturque
732 3064 761 3116 te
781 3056 907 3138 affectio,
926 3075 1014 3136 quam
1033 3057 1189 3140 relinquis,

174 3151 204 3204 et
227 3146 359 3205 initiatae
383 3162 438 3222 per
464 3151 494 3204 te
517 3143 697 3224 ubicumque
726 3145 837 3224 gratiae
861 3145 981 3224 longum
1009 3145 1064 3206 tibi
1087 3147 1188 3208 redhi-

173 3231 299 3293 beantur
323 3251 410 3312 quam
434 3232 624 3295 fundamenta
646 3242 707 3294 tam
731 3233 867 3295 culmina.
910 3234 982 3295 vale.

172 3454 251 3510 bitus
270 3458 302 3511 iu
323 3474 407 3528 marg.
428 3458 493 3512 add.
508 3457 564 3523 M1,
583 3456 706 3512 ambitus
726 3459 757 3525 Τ,
785 3458 832 3513 vel
855 3458 1020 3514 ambitiosus
1042 3477 1063 3516 e.
1083 3461 1100 3515 l.
1120 3462 1188 3518 odd.
1294 3475 1295 3478 ’

175 3526 212 3581 T*
234 3530 244 3596 ΙΙ
269 3531 302 3580 15
321 3527 391 3581 satis
409 3529 438 3581 tc
457 3527 512 3582 toti
536 3545 616 3581 suum
638 3545 688 3584 om.
711 3529 734 3584 0
752 3533 762 3597 ΙΙ
785 3534 819 3584 27
839 3529 964 3601 derasus]
984 3548 1023 3586 aar
1039 3533 1190 3600 petrosus?

173 3597 322 3652 ruderatas
341 3598 519 3667 Modolana
537 3601 569 3653 iu
586 3599 661 3666 adu,
680 3599 824 3654 taediosas
849 3601 1030 3657 Wilomowits
1043 3608 1053 3670 11
