2610 4056
171 185 237 252 258
576 183 727 240 OARMEN
745 184 778 240 V.

263 338 416 414 antiquum
440 336 582 395 mentitus
606 334 693 415 ebur;
715 341 783 414 post
806 342 890 396 caute
914 334 1067 396 Laconum

261 427 417 486 marmoris
440 423 561 484 herbosi
583 423 701 484 radians
725 427 879 484 interviret
902 425 983 486 ordo.

207 527 242 577 40
261 532 332 593 ergo
355 521 389 575 ut
412 531 443 574 se
466 512 593 573 mediam
618 512 691 572 solio
714 513 811 594 dedit,
835 513 949 574 advolat
972 515 1070 574 omnis

261 611 341 664 terra
364 602 460 663 simul.
506 609 570 663 tum
594 620 728 681 quaeque
752 620 822 663 suos
845 605 997 681 provincia
1020 604 1149 666 fructus

262 694 411 772 exposuit:
435 691 493 752 sert
514 689 605 751 Indus
629 688 716 771 ebur,
740 690 902 752 Chaldaeus
927 709 1092 774 amomum,

260 782 398 860 Assyrius
422 798 566 861 gemmas,
589 778 644 840 Ser
666 779 788 861 vellera,
811 787 878 840 tura
901 781 1045 862 Sabeone,

260 871 357 931 Atthis
380 869 452 949 mel,
475 869 606 929 Phoenix
629 868 756 950 palmas,
777 868 979 930 Lacedaemon
1003 869 1131 952 olivum,

207 971 241 1021 40
260 963 351 1021 Arcas
375 977 481 1039 equos,
503 957 612 1037 Epirus
636 975 741 1038 equas,
764 961 902 1037 pecuaria
926 957 1041 1039 Gallus,

260 1067 340 1109 arma
364 1047 503 1128 Chalybs,
527 1047 674 1106 frumenta
697 1045 800 1127 Libys
824 1046 990 1126 Campanus
1013 1047 1176 1132 iacchum,

260 1156 365 1199 aurum
387 1136 499 1216 Lydae,
522 1135 614 1196 drabs
638 1141 765 1218 guttam,
788 1135 933 1197 Panchaia
956 1137 1125 1220 myrrham,

259 1227 371 1288 Pontus
395 1232 541 1306 castorea,
564 1223 685 1284 blattam
708 1225 819 1306 Tyrus,
843 1243 910 1286 aera
934 1225 1113 1309 Corinthus3

260 1315 396 1376 Sardinia
420 1320 587 1393 argentum,
610 1331 699 1374 naves
722 1313 863 1393 Hispania
887 1314 996 1395 desert,

207 1417 241 1465 50
260 1404 392 1465 fulminis
416 1409 446 1464 et
468 1401 608 1483 lapidem;
632 1403 770 1481 scopulos
792 1403 946 1464 iaculabile
970 1403 1071 1482 fulgur

258 1494 338 1554 lucat
361 1499 391 1553 et
415 1509 570 1553 accensam
594 1491 707 1551 silicem
730 1492 856 1553 secunda
878 1495 998 1553 maritat

259 1584 303 1643 ira
326 1582 427 1663 deum3
451 1583 587 1660 quotiens
610 1579 724 1642 caelum
748 1597 780 1641 se
805 1588 969 1641 commovet
992 1580 1067 1663 illic,

260 1671 326 1752 plus
349 1670 392 1732 ibi
414 1677 494 1732 terra
516 1669 601 1730 valet.
648 1669 746 1730 subito
769 1670 844 1730 llens
867 1670 965 1730 dsrica
988 1673 1092 1749 nigras

258 1760 416 1840 procubuit
439 1759 566 1819 lacerata
589 1775 678 1837 genas
702 1766 733 1819 et
756 1777 866 1820 cernua
889 1759 1017 1819 frontem

207 1863 240 1912 55
259 1852 318 1910 iam
340 1849 416 1910 male
440 1848 581 1908 iecxxndas
603 1850 634 1907 in
658 1849 768 1908 vertice
792 1847 880 1927 fregit
903 1850 1008 1908 aristas

260 1957 294 2000 ac
318 1941 360 1999 sie
384 1955 450 1998 orsa
473 1935 567 2015 loqui:
591 1931 688 1996 ‘renio
711 1954 780 2015 pars
803 1940 891 1998 tertia
914 1936 1031 2018 mnndi,

260 2027 363 2088 infelix
387 2026 472 2086 selice
495 2043 564 2086 uno.
610 2025 717 2086 famula
741 2032 821 2087 satus
846 2026 916 2086 olim

259 2116 307 2177 hic
330 2115 440 2195 praedo
464 2121 494 2175 et
516 2114 644 2174 dominis
668 2117 807 2175 extinctis
829 2114 954 2176 barbara
977 2114 1091 2174 dudum

261 2211 378 2284 sceptra
401 2209 483 2263 tenet
505 2201 610 2262 tellure
634 2221 699 2263 mea
721 2207 899 2284 penitusque
923 2204 1022 2282 fugata

208 2307 241 2356 00
260 2291 412 2354 nobilitate
436 2291 538 2352 furens
562 2292 640 2370 quod
663 2309 722 2352 non
747 2299 874 2354 estnon
898 2299 975 2353 amat
997 2292 1117 2372 hospes.

260 2401 276 2442 0
299 2380 376 2442 Latii
400 2383 496 2460 sopite
512 2376 615 2462 rigor,
637 2390 687 2441 tua
709 2384 827 2442 moenia
850 2382 928 2442 ridet

258 2471 376 2532 insidiis
400 2471 527 2531 cessisse
551 2473 627 2530 suis:
651 2489 710 2530 non
733 2473 868 2531 concutis
890 2465 1027 2530 hastam?

259 2579 319 2620 non
342 2577 396 2639 pro
420 2576 467 2619 me
490 2559 537 2619 vel
560 2565 643 2638 capta
667 2555 772 2620 doles?
808 2566 859 2620 tua
881 2576 987 2638 nempe
1010 2567 1163 2637 putantur

260 2667 383 2728 surgere
406 2649 464 2708 lata
488 2648 573 2709 malis
597 2655 627 2707 et
650 2648 758 2709 celsior
782 2667 847 2709 esse
871 2651 966 2709 ruina.

206 2751 238 2798 05
260 2739 312 2799 sed
336 2736 456 2819 melius,
479 2737 557 2816 quod
581 2743 678 2797 terror
702 2737 774 2797 abit:
798 2740 857 2798 iam
880 2741 998 2798 vincere
1021 2744 1130 2819 restat,

259 2829 285 2887 si
308 2845 435 2907 pugnas,
458 2833 492 2887 ut
513 2829 590 2886 victa
614 2825 698 2886 soles.
744 2825 894 2888 Porsenna
918 2826 1079 2905 superbum

259 2916 452 2994 Tarquinium
477 2917 634 2994 inpingens
659 2914 816 2994 complevit
838 2915 932 2977 milite
956 2915 1052 2975 Tusco

258 3003 422 3064 ianiculum
445 3003 608 3084 quondam3
633 3004 684 3064 sed
708 3004 778 3064 dum
801 3023 994 3084 perrumpere
1018 3011 1119 3083 portas

259 3092 412 3153 obsidione
436 3099 534 3174 parat,
557 3099 648 3153 totam
671 3100 700 3153 te
724 3093 846 3172 pertulit
869 3113 928 3154 uno

239 3267 272 3318 38
292 3263 368 3336 post]
388 3264 423 3317 de
444 3265 469 3318 T
486 3267 495 3330 tt
515 3269 548 3318 46
567 3263 652 3331 Libys
671 3266 761 3336 culpo,
781 3264 853 3318 libes
873 3266 949 3322 codd.
964 3268 973 3335 ΙΙ
991 3283 1015 3321 0.
1030 3268 1068 3320 te
1086 3281 1138 3322 ont.
1158 3267 1188 3320 P

168 3333 177 3405 ll
205 3338 238 3388 50
253 3341 318 3404 poet
340 3334 419 3400 loqui
443 3336 506 3391 add.
528 3337 571 3389 est
592 3335 721 3397 OPTF,·
744 3337 790 3392 scd
812 3339 846 3404 cf.
867 3337 943 3408 Vcrp.
959 3337 1027 3391 Aen.
1047 3337 1096 3406 VI,
1110 3341 1182 3408 125,·

171 3405 249 3461 Ooa'd.
265 3407 332 3461 Mer.
347 3406 403 3474 IV,
417 3411 489 3476 320,·
517 3406 614 3462 Claud.
630 3407 750 3474 XVIII,
764 3411 819 3462 391
824 3431 835 3477 ,·
857 3408 931 3464 Aot't.
947 3426 1029 3462 curm.
1044 3409 1088 3477 II,
1100 3413 1157 3464 240

170 3480 204 3530 58
224 3480 253 3531 et
275 3479 354 3531 malit
376 3479 462 3533 delere
484 3478 662 3546 Imetjoburtrt
692 3480 701 3546 ΙΙ
732 3483 766 3531 60
790 3495 805 3532 o
830 3495 893 3548 spes
921 3481 1049 3535 Vaccae.
1068 3484 1142 3537 3421

170 3552 204 3602 60
223 3564 279 3616 quo
300 3547 423 3617 OPTF,
443 3565 506 3602 cum
523 3552 626 3619 (quom)
648 3549 814 3616 Gustufseort
830 3553 833 3618 t
850 3549 923 3604 abiit
941 3550 978 3605 M
982 3550 1033 3606 GT
1044 3553 1053 3620 {l
