2660 4030
261 217 429 274 SIDONIUS
447 217 591 273 DOMINO
609 219 727 273 PAPAE
745 218 839 274 LUPO
859 219 1035 274 SALUTEM.
1093 221 1155 284 127

143 367 256 430 saeculi
282 371 328 429 tui
354 367 494 448 lacobus,
522 369 558 428 de
587 369 712 448 quadam
740 369 859 448 specula
888 372 1018 431 caritatis
1041 389 1097 432 nec
1119 372 1155 432 de

142 459 286 519 inferiore
300 456 486 517 Hierusalem
500 464 561 517 tota
576 457 718 518 ecclesiae
733 458 782 518 dei
795 461 891 519 nostri
905 459 1038 520 membra
1053 479 1155 540 super-

141 549 281 627 inspiciS,
317 546 424 624 dignus
457 549 509 624 qui
541 563 643 606 omnes
680 546 843 607 consoleris
879 549 1013 608 intirmos
1046 552 1155 628 quique

141 638 250 696 merito
274 634 310 695 ab
334 633 473 695 omnibus
496 635 668 696 consularis.
706 643 736 696 et
759 637 829 714 quid
852 655 932 697 nunc
955 655 1009 715 ego
1033 637 1155 716 dignum

141 725 309 803 dignationi
326 723 405 804 huic,
428 726 524 802 putris
543 731 573 784 et
596 724 702 784 faetida
724 735 808 785 reatu
827 732 916 806 terra,
938 724 1155 804 respondeam?
1182 741 1195 782 5

141 812 172 874 2.
192 813 338 892 Colloquii
357 812 493 872 salutaris
511 816 555 874 tui
575 819 605 872 et
624 813 817 891 indigentiam
836 817 951 893 patiens
970 821 1000 874 et
1018 817 1155 876 timorem

141 902 348 962 recordatione
371 904 447 961 vitae
468 901 627 980 plectibilis
647 902 786 983 adducor,
809 910 842 964 ut
861 902 984 963 clamem
1002 903 1058 964 tibi
1077 905 1154 983 quod

142 991 218 1051 dixit
245 990 364 1050 domino
392 997 461 1051 tuus
489 990 538 1050 ille
567 990 693 1069 collega:
721 993 779 1051 exi
807 1011 823 1051 a
850 1010 915 1072 me,
944 995 1026 1070 quia
1053 993 1155 1053 homo

141 1086 311 1159 peccator
335 1098 423 1160 sum,
447 1080 596 1140 domine.
642 1080 693 1140 sed
719 1082 745 1139 si
767 1082 824 1140 iste
847 1084 937 1140 timor
960 1100 1019 1141 non
1042 1088 1154 1161 tempe-

141 1175 227 1230 retur
250 1169 369 1249 affectu,
396 1186 514 1249 vereor,
541 1186 578 1228 ne
603 1167 819 1229 Gerasenorum
847 1170 992 1230 destituar
1019 1170 1154 1250 exemplo
1170 1191 1195 1230 1o

143 1264 174 1317 et
192 1257 326 1318 discedas
350 1276 366 1316 a
390 1257 499 1317 finibus
522 1259 605 1317 meis.
653 1261 724 1336 quin
747 1260 846 1337 potius
869 1258 956 1338 illud,
979 1259 1057 1338 quod
1081 1259 1155 1320 mibi

142 1345 358 1406 conducibilius
387 1352 445 1426 est,
472 1346 640 1424 conleprosi
662 1349 722 1406 mei
748 1354 778 1407 te
806 1350 957 1425 proposita
980 1348 1154 1409 condicione

142 1437 356 1515 constringam,
378 1441 412 1494 ut
435 1437 510 1494 aiam
533 1435 600 1494 tibi:
630 1437 660 1495 si
682 1437 750 1515 vis,
772 1442 878 1514 potes
901 1455 952 1496 me
976 1437 1154 1498 mundare.

144 1542 202 1602 qua
228 1523 277 1583 ille
301 1525 448 1584 sententia
470 1543 530 1584 non
556 1523 624 1602 plus
652 1523 688 1583 de
712 1523 829 1584 Christo
854 1524 924 1604 quid
947 1532 1063 1603 peteret
1085 1545 1153 1606 pro-

142 1613 230 1693 didit,
254 1631 341 1691 quam
365 1612 436 1690 quid
460 1613 596 1672 crederet
618 1612 786 1690 publicavit.
833 1611 862 1673 3.
887 1631 996 1691 ergone
1020 1633 1087 1674 cum
1112 1617 1153 1674 sis
1169 1632 1210 1678 15,

141 1700 246 1781 procul
269 1700 405 1779 ambiguo
424 1704 537 1780 primus
557 1704 688 1761 omnium
707 1708 779 1782 toto,
803 1720 860 1780 qua
878 1708 967 1781 patet,
991 1702 1062 1762 orbe
1081 1721 1154 1782 pon-

140 1791 270 1870 tificum,
293 1808 360 1850 cum
382 1793 603 1868 praerogativae
627 1790 806 1871 subiciatur,
827 1809 894 1850 cum
919 1809 1061 1851 censurae
1085 1798 1152 1852 tuae

141 1879 287 1940 adtremat
313 1881 401 1938 etiam
430 1879 516 1939 turba
544 1878 673 1960 collegii,
706 1898 773 1939 cum
801 1881 833 1939 in
860 1881 1011 1957 gravitatis
1038 1887 1153 1940 vestrae

142 1969 392 2046 comparationem
416 1969 480 2045 ipsa
499 1970 587 2028 etiam
608 1968 840 2046 grandaevorum
860 1968 949 2028 corda
967 1976 1153 2050 puerascant,

142 2076 210 2117 cum
242 2063 309 2135 post
341 2056 498 2116 desudatas
530 2057 653 2116 militiae
685 2056 851 2117 Lirinensis
888 2057 1027 2117 excubias
1061 2065 1090 2118 et
1122 2061 1153 2118 in
1168 2077 1194 2117 eo

142 2145 303 2225 apostolica
327 2145 396 2205 sede
420 2163 526 2205 novem
549 2148 607 2205 iam
627 2147 751 2206 decursa
776 2148 976 2226 quinquennia
996 2149 1152 2225 utriusque

143 2241 312 2294 sanctorum
345 2234 458 2293 ordinis
490 2235 636 2314 quendam
668 2241 697 2294 te
726 2235 1024 2295 conclamatissimum
1052 2238 1154 2315 primi-

142 2323 266 2402 pilarem
290 2322 432 2401 spiritalia
457 2330 551 2383 castra
575 2331 763 2405 venerentur,
785 2331 818 2384 tu
841 2321 1033 2384 nihilominus
1056 2324 1153 2385 basta-

141 2420 240 2472 torum
277 2414 595 2491 antesignanorumque
631 2412 782 2491 paulisper
819 2413 1012 2473 contubernio
1050 2431 1154 2492 seque-

142 2507 251 2560 stratus
280 2499 400 2560 ultimos
429 2501 546 2561 calones
573 2507 641 2561 tuos
663 2501 796 2580 lixasque
825 2519 885 2561 non
912 2502 1041 2581 despicis
1065 2510 1094 2563 et
1118 2503 1153 2562 ad
1168 2519 1195 2560 re

143 2592 268 2650 extimos
291 2588 499 2670 trahariorum,
522 2592 573 2669 qui
592 2608 646 2668 per
668 2592 868 2668 insipientiam
893 2609 975 2650 suam
1000 2591 1094 2650 adhuc
1116 2591 1152 2650 ad

142 2680 240 2738 carnis
264 2679 395 2738 sarcinas
419 2679 532 2759 sedent,
555 2680 653 2738 crucis
677 2678 728 2738 diu
750 2686 882 2757 portatae
903 2679 1006 2738 vexilla
1027 2681 1153 2740 circum-

141 2768 202 2827 iers
226 2786 259 2827 ac
282 2784 402 2826 manum
423 2767 541 2845 linguae
565 2769 693 2846 porrigis
717 2770 748 2827 in
772 2769 952 2827 conscientia
970 2765 1154 2828 vulneratis?

142 2856 172 2916 4.
196 2857 284 2936 nosti,
307 2862 341 2915 ut
363 2864 493 2937 apparet,
521 2875 557 2916 ex
581 2856 702 2916 adversa
727 2859 788 2916 acie
813 2858 968 2936 sauciatos,
992 2855 1050 2916 dux
1074 2863 1169 2916 vete·'

141 2963 222 3026 rane,
245 2943 384 3022 colligere
408 2952 438 3005 et
459 2947 660 3024 peritissimus
682 2944 802 3005 tubicen
826 2944 861 3004 ad
876 2943 1026 3005 Christum
1051 2963 1067 3005 a
1085 2964 1153 3024 pec·
1167 2961 1195 3002 ao

104 3137 106 3142 ¹
212 3151 338 3204 8Lucas
357 3149 391 3219 V,
407 3155 431 3206 8.
506 3157 538 3206 13
556 3151 645 3204 Lucas
664 3150 698 3220 V,
713 3157 755 3206 12.

140 3221 305 3303 benedictus
328 3223 395 3304 M
419 3229 449 3304 et·
470 3226 532 3287 (ora.
552 3223 583 3280 bt
612 3223 647 3288 0,·
674 3225 709 3304 cf.
732 3222 844 3304 Iduuod.
869 3239 898 3290 p.
918 3226 1033 3290 eabae
1050 3222 1156 3348 (Hdnp

143 3298 156 3345 1
177 3293 258 3347 1acob
278 3293 349 3363 Τ112
368 3293 499 3347 1nfer10re
518 3293 654 3363 LNMT,
678 3293 805 3347 1nferror1
829 3293 881 3348 Vc
892 3295 901 3362 11
916 3298 948 3346 15
968 3310 1070 3364 ergone
1088 3294 1116 3347 L

142 3363 197 3418 To
212 3371 237 3418 et
254 3366 299 3436 (ne
316 3382 338 3420 e.
358 3366 376 3420 l.
395 3366 459 3420 add.
479 3365 584 3435 M¹)M,
608 3381 674 3434 ergo
698 3365 745 3434 Vll
762 3370 792 3418 19
812 3381 851 3419 uc
869 3365 1095 3433 comparatione?
1114 3366 1149 3432 cf.

141 3433 263 3491 Saluiae.
285 3437 337 3504 (ed.
359 3437 465 3506 Pauly)
484 3438 566 3507 1111111
585 3443 616 3490 21
638 3435 796 3504 apostolica
813 3433 842 3490 in
862 3435 928 3490 sede
949 3436 995 3505 011
1015 3441 1049 3490 23
1069 3435 1150 3500 spiri-

141 3505 232 3560 tualia
252 3506 341 3572 0(oic
358 3510 472 3576 semper)
495 3511 504 3579 11
527 3513 560 3560 26
579 3507 761 3562 tribunorum
781 3509 817 3577 Τ,
839 3506 1000 3562 triariorum
1019 3509 1045 3562 L
1061 3511 1065 3580 1
1080 3506 1151 3562 inci-

140 3576 278 3646 pientium
297 3579 381 3646 Lm}
399 3577 490 3632 adhuc
509 3596 559 3636 ocu.
581 3579 623 3650 01
