2614 4030
236 195 312 250 XXX
635 194 846 250 PRAEFATIO.

239 381 280 388 -
300 344 341 404 lh.
365 340 385 403 3
414 361 518 404 rursus
548 344 643 404 codici
669 342 701 424 F,
730 345 781 421 qui
808 351 877 422 post
905 347 1113 421 impedimento
1142 347 1265 406 inserit

235 434 306 510 snit,
329 431 403 493 nihil
426 432 518 492 tribui
542 431 637 492 debet.
657 467 699 474 -
722 432 763 492 lb.
783 428 804 493 5
828 436 881 493 din
904 432 983 493 idern
1007 441 1053 495 est
1076 433 1155 513 quod
1177 439 1262 494 iam-

123 579 128 594 ,
238 527 290 584 din
315 515 366 605 (ci.
386 540 430 600 ep.
449 521 498 602 ΙΙΙ,
520 521 546 602 l,
566 519 599 602 2,
622 519 715 602 lV,3,
736 514 780 604 1),
803 529 837 582 ut
860 523 1029 582 coniectura
1053 525 1173 584 diutino
1205 525 1258 582 vix

237 629 311 691 opus
337 613 388 690 sit,
415 612 592 689 praesertim
620 628 687 670 cum
710 611 766 670 hoc
790 610 966 670 adiectivum
990 612 1067 690 apud
1091 610 1257 671 Sidonium

237 698 317 761 nullo
342 699 398 759 alio
422 698 486 759 loco
509 701 684 760 inveniatur.
708 733 750 741 —
774 697 849 760 int
875 699 910 759 de
934 703 995 760 lenc
1017 719 1042 759 v.
1063 699 1158 780 epil,
1175 697 1208 780 9,
1224 699 1256 760 4.

237 825 278 832 -
298 786 370 850 lb.8
389 788 426 848 de
445 790 581 849 sedemus
595 806 620 846 v.
636 806 680 868 ep.
690 787 740 869 ΙΙΙ,
757 786 841 868 12,2
860 794 890 848 et
903 787 1040 866 Engelbr.
1060 788 1149 868 ilp.
1162 787 1192 851 6
1210 824 1254 831 -

233 878 265 959 V,
287 874 374 959 19‚1
400 875 621 956 Luetjohanuus
645 876 681 937 de
701 881 845 954 praelata
868 876 991 936 dubitat.
1029 876 1086 938 Sed
1105 877 1164 938 hoc
1185 896 1254 938 sae-

234 971 302 1047 pius
325 984 379 1045 pro
399 965 547 1042 praefata
569 965 616 1025 vel
635 969 807 1042 praemissa
831 973 1004 1044 usurpatum
1030 984 1096 1026 esse
1120 974 1252 1047 constat,

234 1063 268 1116 ut
291 1058 321 1116 in
344 1055 493 1114 locutione
513 1058 658 1131 praelata
680 1058 863 1116 salutatione
882 1056 1105 1130 (sospitatione)
1124 1073 1140 1115 a
1159 1054 1254 1115 Ruri-

234 1148 290 1225 cio,
309 1143 453 1224 Ennodio,
472 1142 546 1224 aliis,
569 1149 602 1203 ut
625 1143 673 1204 hic
697 1161 814 1222 quoque
839 1143 910 1202 ferri
932 1161 1020 1222 posse
1039 1143 1184 1204 videatur.
1206 1179 1252 1186 —

233 1234 264 1315 V,
283 1231 336 1315 20,
355 1230 375 1293 3
400 1235 561 1293 amabilius
582 1239 727 1292 mutatum
751 1231 856 1312 nolim,
885 1232 1055 1292 cumidem
1079 1231 1141 1292 iere
1167 1233 1251 1312 quod

233 1325 374 1383 libentius
398 1321 552 1400 significet.
590 1320 631 1381 Gi.
655 1321 718 1382 Act.
741 1328 833 1399 apost.
858 1338 955 1399 apocr.
979 1320 991 1380 1
1013 1339 1041 1400 p.
1062 1319 1091 1400 3,
1117 1318 1156 1383 17
1185 1315 1250 1405 (ed.

232 1403 365 1493 Lipsius)
397 1413 530 1471 dicentes
558 1413 717 1471 amabilius
746 1413 807 1471 sihi
832 1427 897 1470 esse
927 1412 1064 1470 omnibns
1088 1415 1250 1472 tormentis

228 1519 288 1577 pro
316 1503 457 1560 castitate
483 1501 689 1560 succumbere.
719 1531 756 1542 -
787 1498 828 1558 ib.
851 1494 874 1557 4
901 1497 937 1557 de
965 1501 1118 1560 Arelatem
1147 1516 1173 1558 v.
1200 1518 1247 1578 ep.

231 1589 253 1670 Ι,
274 1587 324 1669 11,
344 1586 371 1649 7.
396 1621 437 1630 -
461 1587 506 1668 Vi,
529 1586 555 1669 1,
574 1585 594 1648 5
617 1590 819 1664 resipiscendi
845 1586 969 1647 verbum
998 1605 1065 1646 cum
1089 1589 1247 1648 enuntiato

231 1679 443 1756 interrogativo
462 1679 595 1737 iunctum
618 1676 693 1736 nihil
714 1675 804 1736 hahet
827 1677 999 1735 offensionis
1023 1693 1133 1756 neque,
1164 1677 1247 1755 quod

232 1769 270 1827 sit
303 1784 377 1826 onus
409 1765 495 1844 illud,
529 1767 715 1844 episcopatus
751 1765 897 1844 videlicet,
930 1782 1108 1843 quemquam
1142 1764 1246 1826 fallere

230 1863 335 1934 potest.
360 1854 556 1926 Quamobrem
580 1873 648 1915 cnm
672 1858 759 1928 enim,
783 1854 860 1933 quod
884 1853 907 1912 T
931 1852 1058 1934 exhibet,
1081 1854 1243 1932 interpola-

230 1952 293 2005 tum
321 1962 386 2004 esse
415 1942 511 2003 creda.
544 1977 585 1984 -
614 1942 654 2002 ib.
678 1945 710 2002 in
739 1942 838 2003 verbis
867 1946 1005 2019 impleam
1033 1960 1112 2017 puae
1139 1961 1246 2004 moneo

231 2027 289 2116 (sic
312 2031 335 2091 L
354 2038 384 2092 et
406 2038 439 2091 ut
457 2031 513 2091 vid.
534 2031 586 2111 N2,
610 2036 752 2108 imperem
776 2050 855 2106 puae
877 2049 937 2092 non
962 2034 1067 2106 impleo
1091 2023 1243 2115 NbMGT)

229 2123 359 2200 permira
383 2127 429 2179 est
451 2119 586 2180 codicum
609 2120 816 2200 discrepantia,
835 2128 865 2180 et
883 2137 937 2198 per
956 2137 988 2178 se
1008 2125 1139 2198 spectata
1163 2128 1243 2180 cete·

230 2228 331 2270 rorum
363 2207 507 2268 librorum
534 2207 622 2269 lectio
650 2209 696 2270 vel
726 2209 832 2270 melior
859 2209 988 2288 videtur3
1016 2226 1113 2286 neque
1142 2214 1242 2270 tamen

230 2306 275 2359 est
303 2298 381 2377 quod
409 2296 489 2356 illam
518 2300 694 2377 scripturam
723 2297 929 2376 interpolatam
953 2314 1019 2357 esse
1045 2299 1239 2377 suspicemur.

230 2388 309 2459 Quae
333 2405 400 2447 cum
423 2389 463 2445 ita
487 2388 558 2466 sint,
586 2387 777 2467 relinquitur,
805 2386 883 2465 quod
911 2388 942 2446 in
966 2385 1062 2445 adnot.
1086 2389 1237 2467 proposui,

232 2484 265 2536 ut
284 2474 432 2554 duplicem
450 2473 621 2556 lectionem,
645 2494 732 2554 quam
751 2477 782 2535 in
801 2475 959 2554 archetypo
979 2481 1125 2534 servatam
1145 2475 1235 2536 luisse

229 2564 416 2625 statuendum
445 2571 503 2644 est,
536 2571 738 2645 consectamus,
766 2581 862 2643 neque
890 2565 993 2641 negari
1020 2570 1119 2641 potest
1147 2563 1233 2624 talem

230 2652 431 2714 membrorum
455 2655 671 2732 oppositionem
694 2673 710 2713 a
734 2652 848 2713 Sidonii
877 2652 1005 2713 dictione
1029 2669 1089 2712 non
1112 2651 1234 2713 alienam

229 2761 309 2825 esse;
332 2742 367 2803 cf.
388 2760 432 2820 ep.
453 2741 498 2822 ΙΙ,
517 2738 569 2822 25,
587 2738 608 2803 5
626 2761 679 2804 sen
702 2746 748 2803 sic
766 2745 912 2802 sentiente
932 2744 1100 2802 concordio
1122 2747 1235 2803 sensio

227 2836 435 2894 concordante
461 2835 619 2892 sententia.
645 2864 683 2875 —
709 2831 749 2890 ib.
774 2828 794 2892 6
818 2834 943 2891 assistas
971 2835 1051 2889 recte
1081 2847 1112 2889 se
1136 2829 1233 2911 hahet3

229 2923 265 2982 ei.
294 2925 477 2995 adiutorem,
507 2924 730 2994 fideiussorem,
763 2927 865 2980 testem
898 2922 1040 2980 assistere
1072 2911 1183 3001 (Faust.
1205 2938 1229 2999 p.

226 3009 283 3091 22,
303 3008 358 3091 26,
385 3007 484 3069 Ruric.
507 3027 534 3088 p.
560 3006 638 3090 384,
664 3006 719 3089 10,
745 3004 824 3087 434,
847 3003 880 3088 9,
909 3008 944 3067 ci.
967 3006 1041 3066 Plin.
1066 3006 1170 3085 Paneg.
1192 3005 1232 3068 40

228 3117 313 3160 nemo
346 3101 535 3180 observator,
572 3116 657 3160 nemo
695 3101 864 3172 castipator
901 3097 1048 3168 adsistat).
1096 3095 1232 3156 Similiter

227 3190 345 3266 saepius
364 3189 453 3246 etiam
471 3190 640 3248 accedendi
656 3185 779 3247 verbum
797 3192 967 3266 usurpatur,
981 3183 1062 3244 velut
1080 3202 1096 3243 a
1115 3184 1229 3246 Sidonio

228 3273 389 3356 ep.111,5,
411 3274 428 3336 1
454 3279 636 3336 intercessor
666 3278 844 3346 accederem
871 3292 886 3333 a
910 3273 1060 3334 Victorino
1088 3272 1183 3333 Faust.
1204 3294 1229 3353 p.

226 3361 378 3444 444,10;
409 3381 424 3422 a
447 3362 567 3423 Ruricio
590 3383 617 3442 p.
638 3360 712 3444 390,
733 3361 773 3424 19
797 3362 832 3423 al.
857 3397 898 3404 —
922 3362 967 3444 Vi,
986 3360 1016 3442 2,
1039 3359 1060 3422 2
1088 3381 1145 3424 nec
1168 3372 1231 3440 post

225 3458 325 3534 molto,
349 3453 482 3532 quamvis
501 3451 664 3513 insolenter
682 3451 771 3512 verba
795 3451 935 3512 collocata
955 3453 1023 3531 sint,
1045 3469 1105 3510 uon
1124 3457 1227 3512 temere

225 3544 415 3622 mutaverim,
434 3549 504 3617 post
526 3545 617 3603 multo
641 3543 712 3602 satis
736 3540 876 3620 frequens
900 3559 966 3601 esse
990 3546 1093 3600 notum
1116 3547 1161 3600 est
1181 3535 1227 3624 (cl.
