2614 4030
159 153 202 216 26
529 151 637 205 truria
655 150 798 207 eremus.
867 125 870 130 ’

159 301 304 383 iacebam,
337 320 394 381 qua
421 303 578 381 purpurati
605 299 824 366 latuslaevum
851 301 984 378 margine
1008 303 1038 360 in
1067 301 1172 362 dextro

158 390 374 471 porrigebatur.
423 387 472 452 11.
496 389 627 451 edulium
650 388 742 449 multa
765 397 855 468 parte-
873 390 956 450 finita
975 389 1110 450 Caesaris
1134 390 1171 450 ad

160 479 311 541 consulem
340 498 438 540 sermo
467 480 619 559 dirigitur,
646 480 732 556 isque
761 481 944 561 succinctus3
976 479 1046 539 inde
1074 478 1173 539 devol-

159 571 238 632 vitur
261 569 296 629 ad
320 568 519 649 consularem,
552 586 621 628 cum
648 585 706 646 quo
736 585 823 646 saepe
851 570 1010 649 repetituS,
1043 567 1172 646 quiade

132 658 268 719 alitteris
291 659 394 738 factus,
420 657 575 718 advirum
599 656 756 717 inlustrem
779 656 934 718 Camillum
958 675 994 718 ex
1018 659 1172 717 occasione

158 747 349 827 transfertur,
381 749 413 807 in
441 754 557 808 tantum
584 753 617 806 ut
645 746 758 806 diceret
784 748 937 825 princeps:
970 741 1052 806 ‘vere
1079 745 1171 806 habes

158 843 310 916 patruum,
338 835 429 897 frater
452 835 587 915 Camille,
614 841 738 914 propter
765 853 854 913 quem
881 852 929 895 me
952 833 1081 895 familiae
1104 841 1172 895 tuae

159 924 345 986 consulatum
381 943 475 986 unum
506 923 637 1003 gratuler
673 919 857 984 contulisse?
911 931 982 984 tune
1019 922 1083 1004 ille,
1120 925 1173 1002 qui

108 1043 111 1048 ·
159 1013 255 1074 simile
279 1013 391 1093 aliquid
415 1021 543 1094 optaret,
569 1021 703 1092 tempore
726 1014 859 1073 invento:
887 1009 959 1073 ‘non
984 1008 1098 1093 unum',
1125 1015 1171 1072 in·

121 1120 146 1159 ιο
161 1105 233 1184 quit,
257 1099 387 1164 ‘domine
411 1104 557 1184 Auguste,
579 1103 631 1162 sed
654 1097 805 1181 primum'.
852 1120 967 1162 summo
992 1101 1117 1181 fragore,
1139 1107 1173 1161 ut

157 1210 214 1264 nec
242 1191 367 1270 Augusti
394 1193 560 1252 reverentia
588 1189 761 1273 obsisteret,
793 1198 915 1271 excepta
944 1192 1090 1251 sententia
1119 1197 1172 1250 est.

161 1278 210 1342 12.
234 1280 303 1340 inde
334 1282 435 1341 nescio
466 1280 537 1360 quid
565 1279 724 1340 Athenium
755 1283 942 1359 interrogans
972 1282 1172 1360 superiectum

159 1369 319 1430 Paeonium
338 1369 523 1449 compellatio
542 1369 672 1448 Augusta
695 1370 858 1449 praeteriit,
881 1388 952 1430 casu
971 1387 1008 1429 an
1027 1368 1173 1429 industria

159 1460 272 1536 ignoro.
319 1459 397 1537 quod
420 1477 488 1519 cum
511 1461 640 1538 turpiter
662 1457 808 1518 Paeonius
832 1475 919 1537 aegre
943 1457 1070 1538 tulisset,
1094 1456 1172 1536 quod

121 1561 146 1602 15
160 1546 215 1608 fuit
229 1549 356 1628 turpius,
370 1547 544 1627 compellato
559 1553 675 1608 tacente
690 1547 851 1627 respondit.
881 1545 1004 1607 subrisit
1013 1547 1172 1627 Augustus,

158 1643 193 1696 ut
215 1643 278 1696 erat
301 1639 475 1697 auctoritate
500 1643 627 1716 servata,
655 1655 723 1697 cum
751 1654 783 1696 se
808 1637 1009 1696 communioni
1032 1634 1173 1716 dedisset,

158 1727 217 1785 ioci
231 1725 346 1806 plenus,
368 1743 422 1804 per
441 1743 530 1804 quem
549 1725 726 1786 cachinnum
739 1744 799 1786 non
813 1727 913 1785 minus
928 1723 1033 1802 obtigit
1046 1722 1172 1784 Athenio

159 1814 319 1895 vindictae,
348 1832 436 1893 quam
460 1816 633 1893 contigisset
656 1816 791 1874 iniuriae.
838 1813 950 1892 colligit
976 1815 1077 1892 itaque
1106 1830 1171 1872 sese

157 1902 382 1964 trebacissimus
406 1921 496 1964 senex
525 1910 567 1983 et,
595 1911 628 1964 ut
656 1921 775 1982 semper
802 1905 983 1964 intrinsecus
1011 1910 1095 1962 aestu
1118 1920 1171 1981 pu-

120 2008 147 2048 eo
161 1992 243 2052 doris
266 1991 499 2074 excoquebatur,
527 2010 580 2053 eur
604 1991 661 2052 sibi
684 1991 830 2053 Paeonius
859 1992 1070 2052 anteferretur:
1100 1985 1172 2051 ‘non

157 2076 273 2162 miror',
295 2083 406 2161 inquit,
430 2077 585 2161 ‘Auguste,
613 2083 639 2142 si
661 2081 735 2141 mihi
758 2081 856 2141 standi
879 2080 977 2141 locum
1000 2082 1171 2160 praeripere

159 2177 292 2250 conetur,
315 2172 367 2248 qui
389 2168 445 2229 tibi
467 2170 607 2231 invadere
631 2189 691 2231 non
711 2169 860 2248 erubescit
879 2169 1029 2249 loquendi.
1069 2165 1117 2230 13.
1143 2176 1173 2229 et

158 2260 203 2318 vir
225 2257 350 2319 illustris
374 2258 590 2320 Gratianensis:
605 2255 763 2340 '‘multus’,
785 2261 892 2340 inquit,
915 2255 983 2319 ‘hoc
1006 2260 1103 2337 iurgio
1127 2276 1172 2318 sa-

158 2348 253 2408 tiricis
284 2366 406 2427 campus
436 2343 589 2427 aperitur?
634 2349 683 2409 hie
714 2351 876 2428 imperator
908 2347 944 2408 ad
976 2365 1024 2407 me
1057 2348 1172 2407 cervice

118 2451 313 2496 reconversa:
337 2431 457 2518 ‘audio’,
476 2439 525 2518 ait,
544 2433 656 2498 ‘comes
671 2437 784 2519 Sidoni,
803 2436 881 2516 quod
901 2439 1022 2496 satiram
1037 2430 1172 2496 scribas'.

159 2521 200 2585 ‘et
223 2520 299 2606 ego',
322 2527 451 2606 inquam,
475 2521 542 2586 ‘hoo
560 2527 658 2607 audio,
681 2527 800 2587 domine
818 2521 980 2605 princeps'
1017 2532 1089 2585 tunc
1112 2524 1172 2605 ille,

159 2614 210 2674 sed
234 2614 348 2675 ridens:
373 2610 472 2694 ‘parce
491 2615 538 2675 vel
557 2611 664 2676 nobis?
710 2611 752 2676 ‘at
771 2610 847 2696 ego',
870 2617 1001 2696 inquam,
1025 2610 1116 2693 ‘quod
1136 2613 1172 2674 ab

158 2703 281 2764 inlicitis
308 2711 456 2785 tempero,
484 2704 557 2764 mihi
584 2698 696 2784 parco?
740 2711 808 2784 post
836 2722 910 2782 quae
939 2702 1002 2764 ille:
1030 2699 1073 2764 ‘et
1100 2702 1172 2786 quid

159 2793 300 2854 faciemus
323 2789 392 2874 his',
416 2795 522 2873 inquit,
547 2789 658 2872 ‘quite
677 2787 860 2854 lacessunt?’
884 2800 913 2853 ct
933 2811 1001 2871 ego:
1025 2787 1172 2871 ‘quisquis

118 2889 204 2942 coest
226 2885 293 2963 iste,
321 2882 439 2942 domine
463 2884 633 2962 imperator,
660 2881 779 2962 publice
803 2889 936 2942 accuset:
965 2884 991 2942 si
1018 2880 1171 2958 redargui-

157 2988 233 3052 mur,
258 2970 356 3032 debita
379 2971 494 3032 luamus
519 2970 663 3062 supplicia
687 2972 827 3052 convicti,
851 2977 984 3032 ceterum
1008 2968 1122 3029 obiecta
1146 2970 1173 3028 si

158 3078 218 3119 non
236 3059 463 3140 inprobabiliter
482 3061 705 3141 cassaverimus,
725 3077 786 3140 oro,
809 3066 843 3120 ut
861 3059 979 3120 indultu
998 3057 1171 3118 clementiae

230 3234 245 3283 1
264 3230 377 3286 laevum
395 3231 471 3285 latus
493 3231 588 3299 0l1⁰
603 3237 667 3301 post
684 3230 795 3300 fregore
815 3232 864 3303 teg.
883 3229 926 3284 ita
944 3233 976 3285 to
995 3230 1021 3283 Τ
1039 3231 1048 3298 ll
1070 3231 1103 3282 17
1124 3244 1173 3297 op·
1265 3229 1271 3244 '

158 3300 226 3370 tigit
240 3302 304 3372 LV,
324 3301 429 3372 obtigit
442 3303 484 3371 Μ,
505 3300 603 3371 attigit
619 3303 671 3358 cT
682 3306 691 3374 ll
704 3308 738 3357 22
758 3319 791 3357 ec
810 3301 951 3356 erubescit
968 3317 1008 3371 sp.
1023 3303 1041 3354 3
1055 3300 1073 3354 l.
1088 3318 1113 3356 c.
1133 3298 1173 3354 cit

158 3389 208 3428 om.
228 3372 277 3444 ΕΙ]
295 3378 329 3426 23
347 3373 391 3426 vir
409 3376 433 3443 (r
451 3381 483 3428 ct
501 3391 525 3429 o.
545 3390 612 3428 eras.
628 3374 680 3440 Le,
701 3377 751 3444 (sp.
768 3374 821 3450 7l·
836 3379 874 3440 o.)
892 3371 978 3426 ustris
997 3371 1024 3425 L
1043 3373 1049 3453 l
1069 3369 1172 3439 satyris

157 3444 184 3497 L
197 3446 206 3512 l
220 3449 254 3500 27
274 3443 322 3498 sed
340 3443 447 3516 ridens]
467 3442 613 3498 subridens
634 3443 704 3515 ΟΤΙ
721 3444 778 3516 vel]
798 3443 840 3498 ait
861 3443 903 3514 Ol
917 3447 950 3497 31
971 3441 1106 3498 convictis
1121 3441 1148 3495 L
1161 3442 1170 3514 ll

158 3520 192 3569 32
212 3513 416 3569 cassaverimus
435 3532 490 3569 non
508 3514 736 3584 improbabiliter
756 3517 780 3572 0
790 3520 799 3587 ΙΙ
