2660 4030
216 213 396 294 ,sinemus
413 213 559 272 nomino
578 199 696 280 ranan
715 212 857 269 ausimo
877 213 1056 271 saturnu.
1096 213 1159 279 147

147 382 255 425 norum
278 363 447 425 reficiamur
470 381 602 424 assensu.
638 360 668 423 4.
693 362 729 423 de
753 370 852 424 cetero
876 363 955 442 quod
978 364 1013 424 ad
1037 363 1161 424 honoris

147 455 239 514 vestri
262 459 375 532 spectat
397 454 640 532 praerogativam,
667 450 766 512 nullus
790 470 806 511 a
828 470 876 513 me
900 452 1042 514 hactenus
1065 455 1161 514 nomi-

75 591 83 608 .
146 548 243 624 natus,
265 540 364 602 nullus
388 540 546 622 adhibitus,
568 540 668 601 nullus
687 539 799 602 electus
817 548 875 622 est3
900 543 998 602 omnia
1017 560 1183 604 censurae.

147 638 215 692 tuae
246 631 327 692 salva
352 629 475 692 inlibata
503 629 596 690 solida
626 635 788 690 servantur.
835 637 949 690 tantum
976 631 1033 691 hoc
1060 649 1161 692 meum

146 720 232 802 duco,
258 726 372 780 vestras
399 721 524 779 inritare
551 735 695 798 personas
722 725 879 798 expectare
906 718 1072 781 voluntates
1098 720 1160 782 lau·
1188 737 1202 778 a

146 808 216 869 dare
250 810 426 889 sententias,
458 815 488 868 et
520 825 587 868 cum
615 809 647 867 in
679 806 778 867 locum
810 814 977 887 statumque
1010 811 1160 888 pontilicis

146 900 271 978 quisque
296 898 451 978 sufficitur,
473 903 507 957 ut
530 915 546 956 a
569 895 653 957 robis
676 903 881 978 praeceptum,
909 915 926 956 a
948 915 995 957 me
1019 898 1161 976 procedat

147 985 331 1065 obsequium.
377 983 406 1048 5.
431 985 483 1046 sed
508 987 542 1066 si,
566 985 643 1064 quod
667 991 766 1045 tamen
789 985 919 1046 arbitror
941 987 1063 1046 minime
1088 987 1160 1068 lore,

108 1115 117 1136 .
144 1075 285 1156 precihus
315 1076 389 1136 meis
419 1074 496 1154 apud
526 1092 579 1134 vos
608 1073 795 1135 malesuadus
826 1073 975 1135 obstiterit
1002 1077 1160 1158 interpres,

64 1179 74 1194 ·
145 1166 282 1243 poteritis
305 1165 502 1244 praesentiam
530 1169 658 1224 vestram
686 1163 785 1242 potius
814 1181 955 1225 excusare
986 1182 1073 1242 quam
1097 1163 1158 1225 cul·
1174 1183 1200 1222 ιο

146 1271 228 1334 pam;
248 1255 329 1334 ,sicut
351 1271 368 1313 e
391 1245 523 1333 diverso,
541 1255 567 1312 si
590 1254 708 1332 venitis,
732 1252 896 1333 ostenditis,
921 1254 989 1333 quia
1012 1255 1159 1316 terminus

145 1343 277 1421 potuerit
303 1343 373 1421 poni
400 1347 516 1402 restrae
546 1341 665 1420 quidem
697 1342 826 1423 regioni,
859 1342 911 1402 sed
941 1359 1001 1402 non
1028 1345 1160 1421 potuerit

145 1433 269 1491 caritati.
316 1448 431 1491 memor
452 1431 549 1490 nostri
573 1447 638 1490 csse
662 1429 794 1513 dignare,
818 1429 936 1490 domine
959 1449 1042 1510 papa.
1149 1459 1153 1472 ·
1202 1425 1206 1434 ’

621 1655 677 1721 Ἦ,
745 1693 749 1704 .

238 1753 406 1834 sipontus
425 1777 571 1833 nomino
590 1776 709 1832 runnu
728 1775 869 1832 nusum
890 1777 1067 1836 saturnu.

208 1892 234 1954 1.
258 1892 333 1953 Sunt
355 1891 442 1952 nobis
468 1909 592 1952 munere
615 1891 665 1951 dei
686 1909 761 1951 novo
789 1897 959 1951 nostrorum
984 1898 1152 1972 temporum
1168 1912 1194 1954 15

143 1981 278 2062 exemplo
293 1983 491 2041 amicitiarum
510 1987 610 2040 vetera
628 1982 703 2062 iura,
726 1980 835 2058 diuque
856 1986 910 2060 est,
930 1980 1007 2059 quod
1027 1983 1155 2042 invicem

141 2071 292 2150 diligimus
322 2088 358 2131 ex
386 2088 488 2148 aequo.
534 2087 625 2148 porro
652 2075 770 2151 autem,
797 2067 875 2149 quod
903 2068 939 2130 ad
968 2088 1155 2131 communem

142 2162 354 2221 conscientiam
376 2161 515 2239 pertinet,
538 2165 572 2219 tu
593 2164 737 2237 patronus
762 2152 954 2243 (quamquam
977 2159 1033 2220 hoc
1056 2162 1161 2239 ipsum*
1246 2185 1250 2194 ¹

140 2250 376 2328 praesumptiose
390 2247 495 2327 loquar
513 2253 757 2328 aproganterque:
780 2265 907 2326 namque
926 2249 1068 2326 iniquitas
1087 2267 1152 2310 mea

139 2345 221 2398 tanta
243 2344 297 2418 est,
320 2343 353 2397 ut
375 2337 490 2396 mederi
508 2336 544 2396 de
563 2335 699 2415 lapsuum
719 2338 783 2397 eius
802 2336 973 2397 assiduitate
993 2339 1041 2397 vix
1061 2339 1150 2399 etiam
1164 2359 1192 2400 so
1257 2403 1259 2410 ,

139 2433 207 2488 tuae
220 2425 455 2506 *supplicationis
482 2425 612 2485 efficacia
640 2419 751 2508 queat).
797 2423 827 2487 2.
851 2426 954 2506 igitur,
983 2429 1051 2504 quia
1077 2427 1158 2496 mihi,

140 2534 172 2576 es
195 2525 257 2576 tam
279 2517 444 2595 patrocinio
468 2532 555 2594 quam
579 2513 736 2574 dilectione
757 2513 803 2574 bis
823 2513 969 2595 dominus,
991 2517 1104 2594 pariter
1122 2523 1152 2576 et

141 2605 220 2684 quod
243 2605 366 2665 memini
388 2602 490 2684 probe,
514 2621 571 2682 quo
594 2601 706 2682 polleas
724 2604 792 2681 igne
813 2619 963 2684 sensuum,
986 2603 1066 2664 fonte
1084 2623 1150 2664 ver-

19 2739 26 2748 .
138 2692 255 2774 horum,
279 2694 331 2772 qui
348 2693 473 2753 viderim
492 2691 702 2772 Modaharium,
724 2693 818 2751 civem
837 2689 974 2773 Gothum,
991 2692 1150 2753 haereseos

138 2782 279 2842 Arrianae
303 2781 397 2842 iacula
425 2780 590 2842 vibrantem
613 2798 671 2860 quo
699 2786 732 2840 tu
760 2779 938 2859 spiritalium
965 2783 1149 2841 testimonio·
1164 2801 1189 2843 as
1291 2837 1297 2847 .

137 2890 205 2931 rum
223 2889 365 2932 mucrone
385 2870 562 2951 confoderis,
585 2875 700 2930 servata
719 2875 886 2929 ceterorum
904 2874 965 2928 tam
983 2871 1150 2931 reverentia

138 2978 226 3039 quam
257 2977 330 3039 pace
361 2960 533 3039 pontificum
566 2977 626 3018 non
658 2960 768 3019 iniuria
799 2955 854 3018 tibi
882 2956 990 3038 defleo,
1023 2957 1149 3037 qualiter

138 3048 354 3110 ecclesiasticas
378 3048 476 3109 caulas
498 3049 585 3108 istius
609 3050 713 3109 aetatis
736 3046 833 3126 lupus,
856 3047 908 3125 qui
930 3049 1059 3125 peccatis
1081 3066 1148 3127 per-

138 3140 271 3199 cuntium
299 3139 450 3216 saginatur
477 3139 655 3219 animarum,
682 3135 866 3197 clandestino
892 3153 994 3196 morsu
1020 3136 1149 3197 necdum

208 3296 223 3344 6
243 3293 273 3346 et
293 3292 352 3346 scol.
377 3291 618 3346 Wilamowa'tec'om
639 3296 747 3345 secutus
769 3289 946 3359 Loetjohanc
972 3291 982 3356 ΙΙ
1009 3293 1043 3342 14
1062 3294 1148 3344 totam

134 3379 179 3502 a
193 3360 941 3513 tatatittttqtautumantia·
954 3360 1147 3513 tttttit

135 3510 170 3558 26
189 3506 249 3558 tam
267 3506 423 3559 ceterorum
443 3504 489 3575 011
508 3511 541 3559 28
562 3503 665 3558 aetatis
683 3522 752 3559 corr.
772 3521 806 3559 cc
825 3519 898 3558 aens
917 3502 971 3571 M¹‚
992 3520 1064 3557 aens
1084 3503 1145 3572 OF,

134 3575 284 3644 haereseos
307 3577 499 3645 Wilomowita,
517 3577 580 3643 fort.
600 3577 691 3650 rcotcll

932 3664 987 3719 10*
