2628 4034
520 241 674 297 CARMEN
691 243 751 298 XV.

318 409 378 450 non
400 390 449 450 hic
473 388 634 450 Herculeas
658 391 738 452 ridet
761 390 922 470 palaestras

317 479 419 540 Aetola
442 478 571 558 Calydon
595 486 718 558 stupens
742 479 777 539 ab
801 498 878 560 arce,

319 587 386 629 cum
411 586 504 628 cornu
527 566 610 629 ssuvii
633 568 834 647 superbientis

317 657 434 718 Alcides
457 663 615 738 premeret,
639 657 765 718 subinde
788 658 901 718 fessum

264 760 298 809 20
317 747 432 807 undoso
455 747 592 806 refovens
616 746 652 806 ab
675 747 760 807 hoste
783 753 900 827 peetus3

318 836 370 896 sed
394 835 498 896 doctus
522 837 638 896 iuvenis
662 836 829 915 decensque
853 838 945 916 virgo,

318 932 385 985 ortu
409 923 537 984 culmina
560 923 669 984 Galliae
693 932 838 1005 tenentes,

317 1016 493 1092 iunguntur:
517 1016 585 1093 cite,
609 1014 683 1095 diva,
706 1021 791 1075 necte
817 1013 942 1073 chordas

317 1121 381 1182 nee,
405 1101 483 1180 quod
507 1102 642 1162 detonuit
666 1103 793 1163 Camena
816 1104 920 1183 maior,

245 1203 297 1252 *25
315 1198 450 1251 nostram
472 1193 644 1270 pauperiem
667 1191 755 1252 silere
779 1210 874 1270 cogas.

318 1280 353 1340 ad
377 1279 477 1340 taedas
501 1279 634 1340 Thetidis
656 1280 801 1360 probante
824 1280 943 1341 Phoebo

310 1377 346 1438 ¹et
369 1368 480 1429 Chiron
503 1371 612 1429 cecinit
634 1371 749 1430 minore
772 1369 895 1450 plectro,

316 1476 371 1518 neo
395 1459 462 1518 risit
484 1460 533 1537 pia
556 1457 643 1518 turha
666 1461 868 1540 rusticantem,

317 1549 449 1626 quamvis
473 1565 561 1626 saepe
586 1565 677 1607 senex
700 1546 836 1607 biformis
860 1547 921 1608 illie

264 1650 298 1698 30
318 1654 438 1697 carmen
461 1643 614 1715 rumperet
636 1636 791 1696 hinniente
815 1643 911 1696 cantu.

596 1861 666 1928 XV.

485 1984 774 2040 EPITHALAMIUM.

256 2096 344 2158 Forte
367 2096 526 2176 procellosi
549 2116 685 2158 remeans
709 2117 745 2158 ex
769 2117 836 2158 arce
861 2097 985 2180 Caterei,

212 2185 384 2248 Phoebados
407 2184 511 2246 Iliacae
535 2194 652 2266 raptum
676 2190 747 2248 satis
770 2187 832 2250 ulta
855 2187 1009 2268 pudorem,

211 2275 306 2336 Pallas
329 2274 496 2335 Erechtheo
519 2273 668 2336 Xanthum
691 2276 824 2337 mutabat
845 2277 992 2356 Hymetto.

212 2371 313 2426 aurato
337 2367 427 2424 micat
449 2381 517 2424 aere
541 2371 637 2446 caput,
660 2367 814 2444 maiusque
838 2385 978 2427 serenum

178 2455 249 2516 ade
273 2461 388 2514 terrore
412 2455 503 2534 capit3
526 2455 624 2531 posito
647 2471 715 2514 nam
739 2454 862 2514 fulmine
885 2456 1014 2515 necdum

211 2543 355 2623 Cinyphio
380 2542 501 2603 Tritone
524 2548 624 2602 truces
646 2541 822 2603 hilaraverat
846 2549 936 2603 artus,

212 2631 309 2711 Gorgo
332 2638 415 2692 tenet
437 2637 542 2710 pectus
565 2630 705 2712 medium,
729 2632 841 2692 lactura
864 2631 977 2691 videnti

212 2729 241 2782 et
263 2727 399 2781 truncata
421 2738 533 2802 moras3
555 2722 632 2780 nitet
654 2720 798 2780 insidiosa
822 2720 984 2799 superbum

211 2811 333 2889 efligies¹
348 2812 478 2888 vivitque
502 2811 599 2869 anima
622 2815 765 2888 pereunte
789 2816 942 2889 venustas3

161 2913 192 2962 10
212 2899 269 2960 alta
292 2905 475 2960 cerastarum
499 2900 589 2977 spiris
613 2905 701 2977 caput
724 2905 842 2977 asperat
865 2905 963 2958 atrum

211 2990 375 3068 congeries,
397 2994 517 3066 torquet
539 2987 689 3048 maculosa
711 2987 861 3048 volumina
884 2986 1019 3048 mordan

211 3079 312 3157 criniS,
335 3083 365 3136 et
387 3078 456 3136 irati
479 3076 550 3136 dant
573 3075 658 3136 sibila
681 3083 775 3136 taetra
799 3075 904 3154 capilli.

211 3183 369 3246 squameus
393 3165 428 3225 ad
452 3165 580 3226 mediam
603 3165 707 3225 thorax
730 3183 790 3225 non
812 3167 949 3244 pervenit
973 3165 1071 3226 alvum

208 3261 277 3334 post
300 3252 451 3333 chalybem
475 3253 623 3332 pendente
646 3253 746 3336 peplo;
770 3256 844 3332 tegit
867 3256 976 3314 extima
999 3254 1083 3314 limbi

160 3356 191 3406 15
211 3346 314 3404 circite
338 3342 414 3422 palla
436 3342 538 3424 pedeS,
561 3345 613 3421 qui
637 3361 704 3403 cum
729 3342 783 3403 suh
807 3350 888 3404 veste
912 3349 1078 3425 moventur,
1127 3366 1129 3370 ’

210 3435 339 3512 crispato
363 3432 475 3510 rigidae
500 3434 646 3511 crepitant
668 3434 702 3491 in
726 3441 853 3511 syrmate
877 3450 975 3511 rugae.

191 3603 243 3658 XV
263 3609 296 3658 14
314 3602 376 3658 limi
395 3605 457 3673 PT,
476 3602 527 3658 lini
547 3603 578 3656 F
589 3606 598 3674 ΙΙ
