2628 4034
191 205 256 271 302
586 206 736 262 GARMEN
756 208 802 263 IX.

349 373 410 415 non
432 355 481 416 hio
505 356 643 416 socciferi
666 359 747 417 iocos
770 356 939 438 Menandri,

348 463 409 504 non
431 443 505 505 laesi
526 444 696 506 Archilochi
719 447 799 506 ieros
822 446 948 527 iambos,

278 533 395 593 rinvel
417 533 485 612 plus
509 534 672 595 Stesichori
695 553 798 612 graves
822 534 979 617 Camenas,

348 629 399 683 aut
422 622 500 701 quod
524 625 690 701 composuit
712 623 810 702 puella
832 622 949 704 Lesbis3

349 729 409 771 non
433 711 512 790 quod
535 711 653 772 Mantua
676 718 834 773 contumax
856 711 985 772 Homero

349 799 456 860 adiecit
478 799 645 860 Latiaribus
667 799 807 881 loquelis,

348 890 470 967 aequari
493 888 613 948 sibimet
635 888 761 950 subinde
784 889 878 949 livens

276 987 328 1037 220
346 976 434 1038 busto
457 977 673 1059 Parthenopam
695 977 878 1058 Marouiau03

347 1084 406 1126 non
431 1066 509 1145 qnod
532 1073 600 1145 post
622 1069 728 1126 satiras
752 1067 946 1145 epistularum

347 1172 576 1234 sermonumque
600 1155 676 1216 sales
699 1173 865 1234 novumque
889 1155 1017 1236 epodon,

347 1242 440 1303 libros
464 1245 603 1305 carminis
627 1263 660 1304 ac
683 1246 830 1323 poeticam
853 1251 946 1304 artem

346 1331 458 1392 Phoebi
480 1331 617 1393 laudibus
641 1340 671 1394 25
692 1351 781 1412 vagae
804 1332 913 1393 Dianae

276 1432 327 1481 225
350 1423 527 1500 conscriptis
549 1421 642 1482 voluit
665 1440 770 1483 sonare
792 1420 928 1502 Flaccus3

349 1528 409 1570 non
433 1510 511 1588 quod
535 1510 674 1589 Papinius
697 1517 766 1572 tuus
790 1528 933 1588 meusque

346 1600 425 1659 inter
446 1597 609 1659 Labdacios
633 1606 718 1660 sonat
740 1599 857 1660 furores

347 1695 396 1748 aut
420 1707 487 1748 cum
510 1687 585 1749 forte
608 1688 717 1767 pedum
740 1691 854 1748 minore
878 1687 1014 1768 rhythmo

345 1779 441 1857 pingit
464 1795 597 1855 gemmea
619 1783 703 1856 prata
726 1776 906 1838 silvularum.

274 1877 327 1926 230
390 1863 456 1925 Nou
480 1866 558 1944 quod
582 1864 718 1926 Corduba
741 1872 917 1945 praepotens
942 1865 1067 1926 alumnis

345 1954 504 2015 facundum
528 1956 599 2035 ciet,
622 1953 671 2014 hic
694 1961 781 2033 putes
804 1954 975 2035 legendum,

346 2061 472 2122 quorum
495 2061 572 2103 unus
597 2041 666 2102 colit
689 2042 840 2122 hispidum
863 2041 983 2103 Platona

345 2133 554 2209 incassumque
578 2149 666 2191 suum
689 2140 790 2193 monet
813 2132 974 2214 Neronem,

345 2219 527 2280 orchestram
551 2222 645 2297 quatit
668 2220 742 2281 alter
764 2220 932 2301 Euripidis,

273 2317 324 2368 235
344 2310 457 2387 pictum
480 2307 611 2369 faecibus
635 2309 800 2389 Aeschylon
823 2315 942 2370 secutus

345 2404 395 2458 225
419 2396 560 2476 plaustris
585 2397 704 2459 solitum
727 2416 832 2459 sonare
856 2397 999 2479 Thespio,

345 2487 396 2564 qui
418 2492 486 2565 post
508 2485 622 2567 pulpita
644 2489 714 2547 trita
738 2487 793 2548 sub
818 2486 962 2546 cothurno

344 2573 490 2635 ducebant
513 2575 607 2636 olidae
631 2594 743 2635 marem
767 2574 910 2656 capellae,

342 2682 472 2742 pugnam
494 2666 601 2724 tertius
625 2663 674 2724 ille
697 2663 839 2724 Gallicani

272 2763 323 2813 240
343 2752 417 2812 dixit
441 2751 587 2833 Caesaris,
611 2759 643 2812 ut
666 2771 757 2831 gener
780 2769 923 2830 socerque

343 2847 466 2920 cognata
489 2841 664 2920 impulerint
686 2843 718 2901 in
741 2859 822 2902 arma
844 2840 980 2921 Romam,

342 2937 458 2990 tantum
481 2930 555 2990 dans
578 2929 713 2990 lacrimas
737 2932 799 2990 suis
821 2929 980 3010 Philippis,

341 3025 375 3078 25
398 3018 499 3079 credat
521 3018 678 3080 Cremerae
702 3017 796 3079 levem
820 3021 949 3098 ruinam,

341 3108 418 3167 infra
442 3114 472 3167 et
494 3115 613 3168 censeat
635 3106 739 3167 Alliam
762 3107 917 3168 dolendam

271 3206 323 3256 245
343 3214 376 3256 22
399 3195 510 3256 Breuni
532 3197 563 3255 iu
587 3198 697 3256 trutina
720 3195 818 3257 lovem
841 3194 1041 3274 redemptum,

340 3290 499 3363 postponat
521 3284 659 3345 Trebiam
682 3303 845 3363 gravesque
868 3283 996 3363 Cannas,

251 3493 303 3542 215
322 3489 420 3543 Lesbis
439 3490 630 3560 12225φό122222,ι
653 3489 725 3544 lesbi
743 3491 909 3559 2221211220
927 3490 1124 3558 parthenopeu
1144 3491 1172 3546 T
1190 3493 1198 3564 Ι1

180 3563 231 3613 221
250 3561 315 3629 post
333 3560 405 3628 Leo;
422 3576 473 3629 per
492 3562 657 3630 2011211225
676 3579 715 3616 oc
728 3560 840 3619 ,2212152
859 3561 1057 3630 112251οή2221
