2636 4032
313 214 480 271 SIDONIUS
499 213 706 270 AGRICOLAE
725 214 793 270 SUO
813 214 990 271 SALUTEM.
1112 218 1154 283 47

145 364 236 425 claret
260 365 448 426 studentibus
473 365 607 426 discendi
629 383 683 445 per
705 367 824 444 nuptias
844 368 1029 426 occasionem
1052 367 1155 450 tribui,

144 453 297 514 desidibus
326 455 555 515 excusationem.
602 456 693 532 igitur
720 452 872 535 incumbe,
900 473 996 534 neque
1025 457 1102 535 apud
1124 465 1154 519 te

143 542 319 604 litterariam
338 562 439 604 euram
457 542 544 606 turba
564 543 710 622 depretiet
728 544 943 624 imperitorum,
963 547 1032 623 quia
1050 553 1154 607 natura

143 638 348 710 comparatum
371 639 428 713 est,
456 639 490 693 ut
516 634 549 692 in
571 632 708 693 omuibus
732 631 846 692 artibus
869 631 926 692 hoc
950 635 989 694 sit
1012 637 1153 696 scientiae

142 722 305 800 pretiosior
327 738 443 803 pompa,
468 740 525 800 quo
549 723 653 781 rarior.
690 721 761 782 vale.

621 947 676 1014 XI.

334 1067 501 1124 SIDONIUS
519 1068 673 1125 RUSTIUO
693 1069 761 1126 SUO
781 1070 959 1126 SALUTEM.

211 1177 240 1242 1.
264 1181 297 1242 Si
319 1181 405 1242 nobis
427 1200 482 1261 pro
507 1184 567 1243 situ
591 1185 752 1262 spatiisque
776 1186 931 1264 regionum
955 1186 1153 1246 vicinaremur

141 1289 198 1332 nec
222 1289 238 1330 a
263 1289 294 1330 se
317 1273 485 1350 praesentia
509 1279 611 1333 mutua
628 1275 704 1333 vasti
722 1275 839 1334 itIneris
858 1273 1073 1353 longinquItate
1093 1274 1152 1334 dis-

142 1361 361 1440 crimInaretur,
384 1359 459 1420 nihil
482 1362 599 1440 apicum
622 1364 736 1422 raritati
759 1361 850 1423 licere
873 1365 1044 1442 incoeptae
1069 1363 1152 1425 iami-

141 1447 279 1509 liaritatis
303 1449 399 1511 officia
416 1452 622 1528 permitterem
640 1468 736 1529 neque
756 1453 815 1512 iam
830 1451 921 1512 semel
939 1455 1030 1512 missa
1049 1452 1193 1513 lunda-10

140 1544 242 1598 menta
265 1540 405 1598 certantis
430 1540 575 1599 amicitiae
600 1538 725 1600 diversis
748 1541 895 1601 bonorum
918 1540 1078 1619 generibus
1102 1561 1151 1602 ex-

140 1635 242 1687 truere
278 1645 435 1688 cessarem.
491 1627 543 1688 sed
580 1630 746 1689 animorum
784 1631 986 1690 coniunctioni
1018 1637 1152 1709 separata

142 1717 261 1794 utrique
283 1716 517 1794 porrectioribus
540 1719 676 1778 terminis
700 1716 818 1778 obsistit
840 1717 990 1799 habitatio,
1013 1719 1152 1798 equidem

142 1803 235 1864 semel
258 1803 401 1865 devinctis
424 1824 529 1885 parum
552 1808 687 1867 nocitura
709 1806 888 1886 pectoribus.
927 1805 956 1866 2.
979 1807 1031 1867 sed
1052 1814 1152 1868 tamen

141 1911 178 1954 ex
211 1895 275 1972 ipsa
308 1897 509 1955 communium
540 1897 770 1974 municipiorum
802 1896 980 1957 discretione
1007 1895 1151 1977 procedit,
1165 1907 1192 1948 16

141 1981 234 2062 quod,
262 2000 330 2042 eum
353 1984 528 2044 amicissimi
551 1986 657 2065 simus,
684 1987 837 2046 raritatem
861 1985 1000 2064 colloquii
1023 1985 1059 2044 de
1083 2003 1151 2064 pro-

139 2070 199 2130 lixa
227 2077 374 2132 terrarum
402 2075 609 2133 interiectione
633 2075 802 2134 venientem
824 2076 855 2134 in
879 2082 993 2135 reatum
1016 2074 1150 2135 volumus

140 2159 302 2220 transferre
336 2179 536 2242 communem,
567 2180 634 2222 cum
666 2162 702 2222 de
734 2163 913 2224 naturalium
945 2181 1047 2224 rerum
1074 2163 1150 2224 dilii-

140 2248 249 2309 cultate
273 2267 328 2310 nec
352 2249 437 2329 culpa
465 2269 519 2310 nos
544 2249 648 2311 debeat
671 2270 791 2312 manere
814 2271 870 2314 nec
893 2255 985 2312 venia.
1033 2253 1150 2313 domine

140 2336 286 2418 inlustris,
305 2338 423 2417 gerulos
443 2338 608 2400 litterarum
628 2340 665 2400 de
684 2340 857 2420 disciplinae
876 2349 943 2402 tuae
962 2343 1149 2402 institutione
1165 2355 1190 2396 ao

141 2426 281 2486 formatos
302 2433 331 2486 et
349 2446 467 2488 morum
486 2427 604 2488 erilium
623 2429 832 2490 verecundiam
845 2431 1048 2509 praeferentes
1064 2449 1149 2510 opor-

139 2523 211 2575 tune
235 2515 350 2597 admisi,
372 2519 520 2596 patienter
545 2517 651 2599 audivi,
674 2526 877 2598 competenter
900 2518 1036 2598 explicui.
1078 2519 1149 2580 vale.

608 2743 680 2809 XII.

306 2862 472 2920 SIDONIUS
491 2864 696 2921 AGRIOOLAII
716 2865 784 2921 SUO
804 2866 983 2923 SALUTEM.

209 2976 234 3038 l.
258 2976 367 3038 Misisti
393 2985 427 3039 tu
455 2979 575 3058 quidem
602 2979 733 3040 lembum
760 2978 899 3040 mobilem
929 2980 1056 3042 solidum
1079 2980 1149 3042 lecti

138 3083 276 3144 capacem
296 3069 413 3146 iamque
429 3086 497 3129 oum
511 3067 656 3149 piscibus3
675 3075 738 3129 tum
752 3075 906 3147 praeterea
920 3069 1149 3148 gubernatorem
1162 3079 1188 3122 2⁵

137 3154 392 3237 longeperitum,
421 3159 550 3235 remiges
574 3159 661 3218 etiam
685 3155 824 3218 robustos
848 3159 1074 3240 expeditosque,
1098 3163 1150 3239 qui

139 3243 253 3305 scilicet
285 3263 318 3305 ea
351 3245 507 3325 rapiditate
538 3245 756 3325 praetervolant
788 3248 882 3306 amnis
910 3247 1027 3308 adversi
1057 3255 1149 3330 terga,

140 3351 196 3411 qua
217 3333 316 3394 deflui.
355 3335 406 3395 sed
426 3333 510 3395 dabis
529 3337 654 3415 veniam,
677 3334 756 3413 quod
775 3336 912 3395 invitanti
930 3336 985 3397 tibi
1003 3339 1035 3397 in
1053 3339 1148 3419 pisca-

211 3510 227 3559 6
246 3505 375 3586 RusticIo
394 3506 421 3560 L
441 3510 508 3575 (uoce
526 3507 568 3576 N)
583 3509 622 3589 {1⁸9
640 3505 682 3560 nil
699 3506 745 3632 Op
757 3511 790 3588 ld
809 3506 921 3576 utrique
935 3509 998 3562 LN
1002 3509 1033 3578 T,
1053 3508 1150 3563 utrim-

137 3592 191 3644 que
205 3576 233 3648 0,
252 3579 383 3646 utrmque
394 3577 432 3632 M
443 3581 452 3649 I
467 3583 500 3632 28
516 3577 675 3648 dellu1LT,
691 3578 724 3632 de
746 3580 789 3632 urt
803 3581 827 3650 (t
840 3597 861 3635 s.
873 3581 889 3635 l.
905 3582 968 3637 odd.
978 3580 1011 3637 N
1013 3581 1072 3651 ¹)N
1073 3580 1150 3653 ΜΘΗ
