2628 4034
550 230 699 286 OARMEN
719 231 752 287 V.
1091 233 1157 297 273

236 381 368 459 algentes
392 383 471 458 cogit
493 391 607 441 turmas
631 400 665 443 ao
688 381 797 461 frigora
821 382 912 464 ridet,

236 471 307 531 dum
331 468 411 529 solus
435 469 502 549 plus
524 477 623 530 mente
648 470 730 532 calet.
776 490 844 532 cum
868 471 990 532 classica
1014 473 1094 550 regis

162 572 215 620 536
234 560 335 621 Arctoi
359 577 517 639 sequerer,
539 557 664 620 Romani
687 561 831 639 principis
855 579 935 620 arma

235 647 471 732 Caesareumque
494 647 587 708 larem
611 648 683 708 luxu
706 657 825 728 torpere
848 650 975 728 perenni

234 737 401 798 audieram:
425 737 561 797 dominos
584 736 626 796 nil
648 738 770 816 prodest
793 741 852 798 isse
876 740 1006 818 priores,

212 844 213 851 ¹
234 828 260 886 si
283 844 336 886 rex
359 824 408 886 hic
432 843 549 905 quoque
573 827 658 887 tortis
682 823 765 887 erat'
811 828 922 887 maiora
945 832 1098 905 parantem

235 915 334 975 dicere
359 915 395 974 de
424 915 544 993 scopulo
568 914 667 976 verbis
691 915 829 976 accendis
852 917 974 975 amaris:

162 1016 215 1064 oto
235 999 384 1083 ‘quisquis
408 1021 453 1085 es,
477 1006 606 1083 oppositi
628 1006 736 1065 metuis
761 1007 812 1084 qui
835 1002 949 1064 lubrica
971 1002 1053 1085 clivi,

234 1093 337 1171 frange
361 1098 460 1152 cutem
482 1093 640 1172 pendentis
664 1111 756 1173 aquae
780 1092 951 1172 scalptoque
975 1092 1086 1153 fluento

235 1183 274 1241 sit
295 1180 350 1241 tibi
374 1179 490 1261 lympha
514 1181 630 1260 gradus.
676 1189 779 1261 turpes
802 1183 916 1261 depone
941 1180 1089 1261 querelas:

235 1272 293 1330 otia
316 1270 410 1348 frigus
433 1269 550 1330 habent.
595 1271 740 1350 numquid
767 1271 841 1330 mihi
863 1270 998 1330 membra
1020 1269 1156 1330 biformis

234 1357 336 1437 Hylaei
359 1366 464 1419 natura
487 1356 590 1420 dedit?
631 1378 701 1420 num
726 1359 855 1438 Pegasus
879 1359 932 1420 alis

164 1459 216 1508 oto
235 1447 359 1528 adiuvit,
383 1448 523 1527 quicquid
547 1448 679 1529 gradior,
701 1466 873 1528 pennasque
896 1447 1006 1508 volanti

234 1536 284 1597 dat
307 1535 401 1597 Calais
425 1536 572 1616 Zetusque
595 1537 681 1617 mihi,
705 1555 793 1616 quem
816 1537 958 1615 ninguida
981 1539 1080 1597 cernis

235 1625 396 1686 calcantem
419 1628 477 1686 iam
502 1625 589 1686 dorsa
612 1623 695 1704 iugi?
740 1645 792 1686 vos
815 1626 924 1704 frigora
947 1626 1099 1705 frangunt,

235 1732 286 1774 vos
309 1712 422 1793 Alpes?
466 1717 525 1775 iam
549 1717 607 1776 iam
631 1716 765 1776 studeam
787 1733 913 1794 pensare
936 1716 1072 1792 pruinas:

162 1833 164 1838 ·
235 1809 375 1863 aestatem
399 1803 454 1864 sub
478 1804 563 1884 Syrte
587 1801 683 1865 daho.'
721 1806 764 1864 sic
787 1805 903 1882 agmina
925 1821 997 1862 voce

163 1903 217 1951 560
237 1893 328 1970 erigis
351 1892 545 1972 exemploque
568 1893 647 1955 levas
670 1895 844 1973 primusque
868 1890 984 1952 labores

235 1979 417 2060 aggrederis,
441 2000 642 2062 quoscumque
665 1982 765 2063 iubes,
787 1988 851 2042 tum
874 1987 972 2042 cetera
995 1987 1080 2059 paret

234 2068 321 2130 turba
344 2067 453 2151 libens,
477 2074 567 2131 servit
589 2074 719 2150 propriis
743 2089 810 2132 cum
833 2069 948 2149 legibus
972 2076 1083 2129 auctor.

279 2157 338 2228 Qui
360 2156 415 2217 tibi
437 2167 590 2237 praeterea
615 2163 738 2220 comites
762 2167 948 2239 quantusque
971 2160 1112 2237 magister

235 2245 371 2327 militiae,
393 2255 525 2306 vestrum
548 2256 615 2326 post
638 2267 689 2310 vos
713 2251 764 2328 qui
788 2247 930 2328 compulit
953 2265 1071 2329 agmen,

80 2344 87 2356 ’
162 2347 214 2396 555
235 2336 286 2395 sed
310 2353 370 2396 non
393 2335 530 2396 invitum!
573 2337 692 2416 dignus,
716 2340 765 2397 cui
788 2337 909 2398 cederet
930 2339 983 2397 uni

234 2423 311 2503 Sylla
335 2427 412 2506 acie,
436 2426 523 2503 genio
546 2423 669 2505 Fabius,
692 2427 800 2504 pietate
823 2424 973 2505 Metellus,

233 2513 345 2592 Appius
369 2512 499 2594 eloquio,
523 2515 552 2573 vi
574 2511 708 2594 Fuluiae,
732 2522 794 2573 arte
819 2512 967 2574 Camillus.

234 2604 261 2661 si
283 2602 485 2681 praefecturae
509 2609 636 2681 quantus
658 2601 829 2662 moderetur
851 2601 994 2661 honorem

232 2693 278 2750 vir
301 2709 438 2772 quaeraS,
460 2691 556 2751 tendit
577 2689 692 2769 patulos
716 2708 773 2768 qua
797 2688 889 2750 Gallia
908 2691 996 2769 fines,

161 2791 214 2842 566
234 2781 281 2838 vix
304 2779 408 2840 hahuit
430 2798 529 2841 mores
553 2778 681 2860 simileS,
704 2781 753 2840 cui
776 2786 852 2839 teste
876 2785 982 2838 senatu

232 2870 263 2929 in
287 2887 318 2929 se
342 2871 431 2930 etiam
453 2875 581 2930 tractum
605 2870 795 2929 commiserat
817 2866 921 2946 Ulpius
945 2883 1056 2927 ensem.

233 2959 284 3036 qui
307 2958 398 3018 dictat
421 2957 508 3018 modo
531 2960 597 3018 iura
620 2956 716 3037 Getis,
740 2955 795 3017 suh
819 2956 916 3016 iudice
940 2962 1038 3015 vestro

231 3045 352 3125 pellitus
376 3065 479 3108 ravum
501 3064 679 3125 praeconem
703 3047 828 3124 suscipit
846 3045 949 3105 hostis.

232 3131 302 3213 quid
326 3135 431 3215 loquar
453 3135 502 3196 hic
525 3134 621 3217 illum,
646 3137 698 3214 qui
722 3137 830 3194 scrinia
855 3152 938 3194 sacra
962 3132 1123 3215 gubernat,

160 3235 212 3286 565
233 3227 297 3306 qui,
321 3243 389 3284 cum
412 3223 508 3284 civilis
531 3223 685 3303 dispenset
707 3225 801 3302 partis
824 3222 968 3302 habenas,

215 3453 266 3503 537
285 3449 355 3519 isse]
375 3448 455 3531 desse
474 3447 512 3502 M
522 3450 531 3517 l
546 3451 598 3503 588
617 3465 656 3504 oo
678 3445 749 3502 erit?
767 3447 946 3516 Iaoetjohaoo
967 3448 976 3514 ΙΙ
1001 3449 1052 3500 ato
1072 3444 1189 3499 mihi
1229 3372 1232 3456 1

143 3534 210 3574 suas
229 3519 294 3589 Ml
318 3523 369 3574 548
388 3518 558 3590 pruinasou
522 3521 613 3644 Ἧι,
630 3517 726 3572 ruinas
744 3519 854 3590 coddss
877 3522 929 3573 558
948 3518 1085 3587 quantum
1103 3517 1157 3590 Pl

141 3594 195 3645 563
213 3521 329 3645 nauelim
349 3539 406 3656 Tp
409 3589 528 3660 suspicit
587 3591 613 3645 T
625 3592 630 3662 Ι
644 3589 747 3660 hospes
766 3590 805 3643 M
815 3522 854 3660 1111

199 3689 368 3733 Anonmmss
382 3691 416 3732 56
431 3690 517 3732 Mohr
963 3684 995 3734 18
