2660 4030
70 233 74 240 ’
157 220 324 278 SIDONTUS
344 220 488 276 DOMINO
507 220 625 276 PAPAn
644 220 837 298 Pnnpnuuo
857 221 1050 284 SALUTEM„
1074 221 1135 286 157

121 371 267 432 lationum
290 371 513 431 conservatione
538 369 659 431 stabiles
682 372 714 430 in
733 373 948 432 sententiarum
971 373 1136 432 assertione

122 467 272 540 nutantes,
294 461 431 520 nitumtur
449 477 553 538 regere
572 459 739 542 ecclesiam,
762 477 837 539 quos
855 461 914 520 iam
932 463 997 539 regi
1014 479 1137 522 necesse

123 552 183 610 erit
213 567 268 628 per
298 555 457 609 senectam.
509 545 559 610 13.
587 549 639 610 sed
667 567 723 610 nec
751 548 863 610 diutius
892 549 989 628 placet
1016 557 1139 630 propter

123 655 286 718 paucorum
315 636 443 718 ambitus
470 637 632 698 multorum
654 644 757 699 notare
780 655 935 717 personas:
963 638 1019 699 hoc
1043 638 1161 700 solum·

124 734 235 807 astruo,
259 727 347 808 quod,
370 745 438 788 cum
461 726 576 788 nullum
598 727 747 806 proteram
769 729 971 808 nuncupatim,
994 727 1044 788 ille
1068 745 1138 789 con·
1166 748 1179 786 a

124 817 227 877 litetur
249 814 409 898 repulsam,
432 819 485 895 qui
500 809 664 895 'profitetur
687 816 837 877 offensam.
871 834 942 877 sane
965 816 996 876 id
1014 815 1139 878 liberius

125 906 206 986 dico,
239 905 275 966 de
307 904 496 966 multitudine
530 907 790 966 circumstantium
818 904 927 966 multos
944 905 1139 984 episcopales

126 1012 202 1076 esse,
226 994 278 1056 sed
301 1000 380 1054 totos
403 997 559 1074 episcopos
583 1012 649 1055 esse
672 1012 732 1054 non
755 1012 857 1075 posse,
881 1001 920 1076 et,
943 1013 1011 1055 cum
1030 994 1140 1074 singuli

125 1084 312 1144 diversorum
344 1083 554 1144 charismatum
585 1086 768 1162 proprietate
800 1085 964 1164 potiantur,
1001 1085 1139 1145 sufficere
1252 1129 1255 1138 .
1303 1105 1306 1114 ’

126 1177 230 1233 omnes
258 1171 329 1253 sibi,
360 1172 498 1233 omnibus
525 1174 684 1233 neminem.
732 1170 782 1234 14.
806 1174 833 1232 si
854 1171 1014 1233 militarem
1037 1172 1139 1234 dixero
1155 1193 1180 1232 ro

125 1263 202 1322 forte
221 1279 389 1341 personam,
411 1264 548 1340 protinus
567 1264 599 1322 in
617 1262 689 1322 baec
707 1261 796 1323 verba
816 1264 1019 1340 consurgitur:
1043 1259 1140 1323 ‘sido-

125 1353 194 1411 nius
218 1350 254 1410 ad
279 1349 451 1411 clericatum
470 1353 539 1430 quia
558 1350 594 1411 de
614 1350 759 1411 saeculari
776 1351 961 1431 professione
980 1351 1140 1412 translatus

126 1446 186 1520 est,
214 1439 281 1500 ideo
309 1439 368 1500 sibi
391 1458 542 1500 assumere
566 1439 826 1519 metropolitanum
850 1439 886 1500 de
909 1439 1048 1519 religiosa
1072 1439 1154 1502 con·'

126 1530 298 1608 gregatione
327 1528 507 1610 dissimulat;
539 1527 687 1590 natalibus
715 1535 827 1610 turget,
847 1528 1032 1608 dignitatum
1058 1531 1142 1591 lasti-

126 1624 214 1696 gatur
241 1616 421 1699 insignibus,
449 1621 612 1679 contemnit
639 1635 785 1697 pauperes
816 1614 947 1679 Christi?
995 1615 1045 1680 15.
1070 1637 1140 1698 qua·
1156 1637 1181 1678 aa

25 1699 32 1716 '
126 1712 250 1786 propter
272 1709 304 1766 in
327 1710 563 1787 praesentiarum
588 1706 698 1768 solvam
722 1725 811 1786 quam
833 1714 971 1767 nontam
993 1705 1141 1768 bonorum

119 1797 245 1856 ,caritati
272 1814 360 1875 quam
387 1795 599 1858 maledicorum
626 1798 792 1875 suspicioni
818 1795 912 1857 debeo
940 1795 1030 1856 fidem
1056 1789 1143 1879 (vivit

128 1886 252 1964 spiritus
276 1893 410 1966 sanctus,
438 1887 624 1964 omnipotens
652 1885 725 1946 deus
749 1891 864 1966 noster,
892 1887 944 1964 qui
967 1884 1047 1945 Petri
1069 1903 1141 1945 voce

129 1973 312 2034 damnavit
304 1992 335 2034 m
360 1973 486 2034 Simone
503 1993 601 2057 mago,
629 1993 701 2036 cur
710 1977 882 2078 opinaretur
905 1976 1030 2053 gratiam
1053 1973 1142 2034 bene-

128 2062 268 2122 dictionis
287 2065 384 2141 pretio
404 2082 469 2124 sese
487 2083 576 2142 posse
592 2023 747 2147 mercari),
769 2082 831 2124 me
836 2066 867 2123 in
887 2082 932 2144 eo,
950 2081 1040 2142 quem
1058 2051 1142 2124 vobis
1157 2051 1183 2122 so

128 2157 309 2230 oportumum
337 2155 453 2234 censui,
480 2171 536 2213 nec
563 2155 707 2232 pecuniae
735 2153 833 2213 lavere
856 2171 912 2213 nec
935 2155 1062 2256 gratiae,
1090 2152 1143 2213 sed

128 2247 208 2301 statu
228 2243 299 2302 satis
319 2259 467 2346 superque
482 2243 625 2302 trutinato
639 2259 784 2320 personae
790 2244 956 2332 temporis,
974 2244 1143 2321 provinciae

129 2331 257 2390 civitatis
280 2332 386 2411 virum,
411 2332 495 2391 cuius
519 2333 551 2390 in
574 2319 826 2410 consequentibus
850 2333 958 2411 raptim
976 2333 1036 2391 vita
1054 2330 1144 2411 repli-

129 2416 255 2500 cabitur,
274 2421 580 2523 competentissimum
599 2419 770 2482 credidisse
805 2418 854 2482 16.
873 2419 1048 2481 benedictus
1068 2419 1143 2480 Sim-

129 2507 250 2588 plicius,
278 2508 420 2569 hactenus
447 2511 540 2569 vestri
567 2511 684 2587 iamque
712 2508 820 2569 abhinc
842 2511 952 2589 nostri,
978 2509 1066 2568 modo
1090 2527 1144 2587 per
1158 2521 1185 2564 sa

129 2613 182 2656 vos
202 2596 276 2657 deus
294 2605 412 2680 annuat,
435 2597 588 2658 habendus
608 2596 722 2658 ordinis
741 2615 849 2678 comes,
869 2600 909 2658 ita
927 2600 1048 2676 utrique
1066 2600 1145 2677 parti
1163 2641 1166 2648 .

78 2719 84 2730 ·
129 2684 177 2746 vel
200 2692 267 2746 actu
290 2687 337 2746 vel
359 2687 545 2766 professione
568 2685 738 2766 respondet,
761 2693 794 2746 nt
817 2692 846 2745 et
868 2685 1035 2764 respublica
1058 2688 1090 2746 in
1109 2703 1144 2745 eo

131 2771 211 2852 quod
244 2775 407 2837 admiretur
434 2783 464 2837 et
491 2776 616 2837 ecclesia
643 2777 738 2855 possit
765 2777 899 2835 invenire
928 2774 1007 2853 quod
1034 2773 1144 2852 diligat.

133 2861 184 2924 11.
208 2866 234 2924 si
256 2863 403 2926 natalibus
428 2864 572 2926 servanda
594 2865 760 2926 reverentia
784 2871 839 2944 est,
863 2864 931 2942 quia
954 2862 1061 2923 ethos
1084 2880 1145 2922 non

131 2953 311 3014 omittendos
334 2953 516 3033 euangelista
534 2955 709 3015 monstravit
728 2945 811 3036 (nam
829 2951 924 3012 Lucas
943 2950 1143 3012 laudationem
1156 2965 1184 3006 ao

131 3040 270 3103 lobannis
295 3061 452 3123 aggressus
476 3045 765 3122 praestantissimum
789 3043 982 3121 computavit,
1006 3041 1084 3119 quod
1108 3040 1144 3100 de
1233 3050 1235 3057 '

133 3131 309 3192 sacerdotali
336 3134 428 3210 stirpe
456 3131 605 3213 veniebat,
633 3138 663 3192 et
684 3129 871 3191 nobilitatem
893 3131 970 3189 vitae
993 3128 1145 3209 praedica-

132 3225 219 3284 tu'rus
245 3223 330 3299 prius
346 3227 457 3280 tamen
485 3220 590 3281 extulit
617 3219 744 3281 familiae
775 3211 977 3301 dignitatem):
1007 3226 1146 3298 parentes

206 3365 353 3430 1.88Act
337 3378 420 3442 818
494 3379 528 3428 30
546 3373 680 3442 bucael,
695 3377 719 3428 ὅ.

205 3416 411 3510 seriosius,
431 3445 566 3514 estMO,
585 3445 741 3500 velerits.
757 3445 774 3499 1.
789 3443 854 3500 odd.
869 3442 1148 3526 M¹ll14fatigatur

54 3581 57 3588 .
133 3518 197 3581 (ss
217 3515 234 3570 1.
254 3518 319 3572 add.
335 3487 471 3586 T¹)T’0fl
494 3523 527 3572 1‘1
545 3515 657 3588 vivit]
648 3519 728 3570 nuvet
716 3515 946 3586 tWe'lommcs'ta,
968 3515 1048 3572 novit
1064 3515 1121 3572 Leo
1138 3515 1148 3589 11

134 3591 168 3641 29
188 3586 256 3655 quia
274 3587 326 3641 hos
344 3605 402 3642 non
419 3587 577 3644 omitendos
597 3591 626 3643 et
645 3586 824 3658 euangelista
843 3587 886 3659 011
