2610 4056
227 221 395 276 SIDONIUS
412 221 557 276 DOMINO
575 221 695 276 PAPAE
715 221 811 277 LUPO
831 221 1031 306 SALUTEM..
1059 221 1123 286 217

110 373 197 452 verit,
220 371 337 433 saeculo
356 370 544 450 praedicatus
563 377 624 451 tuo,
644 370 856 432 desiderandus
875 370 981 451 alieno,
999 376 1125 449 utraque

24 463 27 468 '
110 460 269 522 laudabilis
292 462 407 522 actione
432 459 557 520 decedas
580 466 609 520 te
633 459 803 520 relicturus.
817 463 957 540 externis,
984 467 1035 520 tua
1057 478 1129 538 pro-‚

110 552 209 612 ximis.
255 551 369 610 iuemor
392 551 488 609 nostri
511 567 576 609 esse
601 549 731 630 dignare,
755 549 873 609 domine
896 567 986 630 papa..
1046 581 1051 592 ·

165 913 334 970 SIDONIUS
353 913 497 976 DOMINO
517 914 636 969 PAPAE
655 913 874 968 APRUNOULO
895 913 1072 970 SALUTEM.

173 1025 209 1089 ·1.
233 1027 373 1088 Reddidit
390 1027 447 1088 tibi
466 1027 608 1107 epistulas
626 1046 716 1108 meas,
735 1046 823 1107 quem
841 1028 916 1088 mihi
934 1035 1000 1088 tuas
1019 1029 1126 1090 offerre
1154 1047 1168 1088 5

111 1136 167 1198 par
199 1117 310 1198 fuerat;
347 1135 416 1176 nam
447 1116 539 1177 frater
571 1125 673 1177 noster
706 1116 869 1178 Caelestius
900 1135 997 1196 nuper
1029 1117 1064 1177 ad
1096 1126 1125 1178 te
1167 1127 1169 1134 ’

57 1211 60 1220 ’
113 1224 252 1266 reversus
272 1206 308 1266 de
326 1205 492 1266 Biterrensi
511 1206 658 1284 quoddam
676 1206 750 1266 mihi
773 1224 864 1284 super
887 1212 965 1266 statu
987 1206 1127 1267 Iniuriosi

114 1297 211 1355 nostri
242 1295 393 1355 vinculum
426 1297 569 1354 cessionis
603 1294 712 1356 elicuit.
759 1294 838 1373 quod
872 1295 992 1373 quidem
1020 1298 1127 1374 scripsi

112 1403 173 1444 non
205 1385 304 1443 minus
331 1389 382 1444 tua
412 1384 590 1444 verecundia
613 1384 724 1444 fractus
749 1402 836 1462 quam
858 1383 1021 1466 voluntate;
1045 1403 1126 1444 nam·
1196 1445 1200 1454 ,

113 1491 171 1552 que
190 1491 245 1532 nos
264 1472 342 1533 ultro
361 1468 584 1551 vestro'pudori
602 1475 687 1552 quasi
706 1472 883 1551 quibusdam
902 1472 1027 1552 pedibus
1042 1473 1126 1533 obse·
1142 1493 1168 1531 ro

113 1564 176 1640 quii
208 1562 309 1623 decuit
343 1579 509 1622 occurrere.
555 1560 584 1622 2.
619 1564 758 1640 quocirca
790 1580 836 1621 me
865 1581 983 1640 quoque
1011 1562 1126 1622 volente
1161 1555 1165 1564 ’
1191 1587 1213 1624 .·

113 1651 233 1730 posside
257 1649 418 1731 indultum,
443 1650 494 1710 sed
518 1650 680 1711 liberaliter
708 1643 778 1733 (nec
806 1651 899 1731 enim,
926 1657 960 1714 ut
983 1653 1127 1732 suspicor,

114 1739 182 1819 plus
206 1739 317 1818 aliquid
340 1740 397 1800 hoc
421 1757 529 1818 genere
560 1739 663 1800 solacii
685 1738 732 1800 vel
757 1741 823 1818 ,ipse
848 1733 1015 1822 quaesisti),
1039 1758 1127 1819 quom
1222 1747 1223 1751 ’

113 1827 222 1888 litteris
252 1830 318 1887 istis
349 1846 410 1888 non
438 1829 697 1889 commendatoriis
725 1830 825 1889 minus
854 1846 942 1907 quam
970 1829 1125 1889 refusoriis

113 1919 173 1976 iam
204 1901 336 1995 pladatus
368 1919 504 1999 insinuo,
538 1920 580 1978 sic
612 1925 725 1998 tamen,
757 1924 790 1977 ut
819 1916 875 1977 tibi
907 1919 1039 1998 assistat,
1071 1917 1126 1978 tibi
1141 1937 1189 1976 15·

36 2087 38 2092 Ι
113 2013 229 2086 pareat,
271 2013 300 2065 te
342 2013 482 2085 sequatur
519 2013 606 2085 atque
647 2013 693 2086 ut,
732 2009 757 2066 si
789 2008 987 2084 permanserit
1018 2012 1126 2086 tecum,
1171 2063 1174 2073 ,

13 2159 20 2180 ,
113 2096 213 2155 neutri
248 2102 385 2154 nostrum
417 2094 565 2155 iudicetur
601 2095 741 2175 famulus,
774 2097 800 2154 si
837 2095 913 2155 forte
946 2095 1126 2176 discesserit,

76 2181 80 2190 '
115 2179 273 2262 quaeratur
296 2183 415 2261 utrique
439 2183 588 2261 fugitivus.
634 2202 748 2244 memor
778 2185 873 2244 nostri
901 2203 966 2244 esse
995 2183 1126 2265 dignare,

116 2273 235 2333 domiue
258 2290 341 2350 papa.
560 2271 563 2276 ’

591 2462 646 2528 XI.

229 2584 397 2640 SIDONIUS
415 2583 560 2639 DOMINO
579 2583 699 2640 PAPAE
718 2584 813 2654 LUPO
834 2583 1012 2640 SALUTEM.
1141 2603 1168 2642 no

181 2696 209 2760 1.
241 2698 367 2777 Propter
396 2697 542 2778 libellum,
571 2717 659 2777 quem
691 2717 751 2759 non
781 2699 816 2758 ad
845 2716 906 2758 vos.
919 2701 1014 2776 magis
1039 2716 1127 2776 quam

113 2805 167 2866 per
196 2805 248 2846 vos
276 2789 400 2848 missum
427 2790 567 2868 putastis,
595 2787 753 2866 epistulam
779 2783 909 2848 vestram
936 2805 995 2847 non
1020 2787 1055 2846 ad
1078 2805 1126 2848 me
1218 2795 1221 2802 '

114 2877 207 2954 magis
223 2894 310 2954 quam
329 2878 360 2936 in
379 2894 426 2935 me
447 2878 588 2958 scriptam
606 2879 716 2955 recepi.
754 2865 790 2936 id
814 2875 990 2954 exprobrata
1004 2894 1126 2954 respon-

75 2985 77 2990 ·
115 2965 168 3025 deo
192 2982 246 3044 pro
270 2966 417 3044 aequitate
445 2983 652 3046 causae,.non
681 2983 735 3044 pro
763 2964 939 3044 aequalitate
964 2964 1125 3026 facundiae.

115 3072 292 3133 quamquam
317 3056 384 3132 quis
408 3071 487 3114 nuuc
510 3060 639 3133 ego·aut
658 3061 794 3134 quantus,
818 3057 870 3133 qui
894 3072 980 3132 agere
1003 3072 1125 3132 praesu·
1141 3072 1168 3113 25

15 3143 19 3152 '
115 3161 193 3203 mam
226 3142 311 3202 vobis
342 3142 557 3221 imputantibus
587 3139 798 3203 innocentem?
844 3145 983 3222 quocirca
1019 3142 1127 3204 delicto

24 3253 31 3272 ·
115 3231 193 3312 huic,
217 3231 518 3311 quantulumcumque
543 3239 596 3313 est,
619 3234 698 3292 inter
716 3233 863 3311 principia
882 3232 1039 3292 confestim
1059 3251 1127 3312 sup-

18 3311 23 3320 ’
115 3320 193 3399 plico
217 3323 341 3402 Ignosci,
366 3321 546 3382 diffidentiae
570 3327 694 3401 tantum,
712 3338 772 3381 non
796 3329 826 3381 et
850 3319 1006 3399 superbiae
1031 3320 1127 3381 fassus

186 3509 345 3565 creddidit
363 3511 458 3582 culpo,
480 3475 591 3564 reddidi
614 3511 690 3565 codd.
717 3513 721 3574 Ι
744 3516 806 3579 post
822 3526 899 3564 meas
918 3511 966 3580 lep.
985 3507 1040 3562 tibi
1063 3508 1128 3564 dIco

114 3583 145 3636 ic
163 3581 191 3636 P
202 3584 211 3653 l}
225 3587 259 3638 27
278 3582 535 3651 quantulocumque
551 3581 581 3635 F
595 3587 600 3653 Ι
617 3583 661 3636 est
678 3598 697 3637 s.
719 3582 735 3636 t.
755 3582 819 3636 odd.
835 3581 944 3650 P1fl28
962 3581 993 3635 'eb
1010 3597 1068 3636 non
1085 3581 1127 3652 011
