2636 4032
172 191 218 258 56
536 193 645 248 LIBER
663 193 826 250 TERTIUS.

174 347 258 424 prius
292 343 438 423 applicata
470 351 550 403 esset
578 345 804 424 oppugnationi,
836 350 866 404 te
893 345 957 404 uiso
985 362 1045 404 non
1069 352 1115 404 est
1139 363 1196 405 ex·
1296 405 1297 416 ,

174 434 282 515 plicata
310 434 491 511 congressui.
537 434 651 493 interea
679 439 712 493 tu
740 433 834 492 caesis
863 431 1030 512 quibusque
1059 436 1199 516 optimiS,
1296 505 1297 516 ¹

175 541 250 602 quos
273 523 451 583 novissimos
476 523 586 599 agmini
613 539 674 581 non
701 522 816 600 ignavia
839 521 892 582 sed
921 521 1042 582 audacia
1070 522 1196 602 fecerat,

175 611 265 673 nullis
288 618 408 672 tuorum
432 612 592 670 certamine
616 629 652 670 ex
670 617 752 670 tanto
772 610 948 672 desideratis
968 609 1050 673 solus
1068 611 1196 691 planitie

149 718 266 781 aquam
284 700 489 780 patentissima
507 698 669 780 potiebare,
694 717 761 760 oum
779 698 835 760 tibi
853 717 914 760 non
932 699 1016 760 daret
1030 707 1074 760 tot
1092 719 1197 780 pugna

177 792 283 871 socios,
307 797 379 868 quot
402 787 477 848 solet
499 807 602 849 mensa
621 791 764 849 convivas.
811 786 840 850 5.
863 788 933 849 hinc
951 790 1009 849 iam
1028 808 1082 868 per
1097 791 1196 850 otium

176 882 208 940 in
231 878 338 939 urbem
361 877 465 938 reduci
489 878 560 956 quid
588 876 644 938 tibi
672 876 787 937 obviam
815 880 997 956 processerit
1025 879 1198 939 officiorum

177 968 344 1050 plausuum,
363 966 486 1027 fletuum
502 965 686 1047 gaudiorum,
704 969 798 1045 magis
814 974 961 1046 temptant
974 975 1041 1027 vota
1055 969 1197 1028 conicere

179 1075 268 1138 quam
291 1055 380 1117 verba
406 1073 550 1116 reserare.
597 1055 744 1134 siquidem
768 1073 891 1116 cernere
915 1064 979 1116 erat
1001 1057 1120 1116 refertis
1145 1075 1196 1117 ca-

138 1171 164 1210 ao
178 1147 354 1228 pacissimae
383 1143 488 1203 domus
517 1145 601 1205 atriis
629 1142 710 1204 illam
737 1147 832 1224 ipsam
859 1143 1062 1205 felicissimam
1091 1147 1198 1224 stipati

178 1235 293 1296 reditus
322 1236 366 1294 tui
393 1235 572 1314 ovationem,
605 1233 675 1293 dum
706 1233 756 1293 alii
783 1231 892 1294 osculis
921 1233 1075 1312 puluerem
1106 1242 1197 1295 tuum

178 1327 308 1404 rapiunt,
331 1322 381 1383 alii
405 1324 547 1400 sanguine
571 1341 605 1382 ac
629 1324 743 1402 spumis
765 1324 886 1401 pinguia
909 1323 992 1383 frena
1016 1325 1194 1404 suscipiunt,

179 1413 230 1474 alii
254 1411 394 1472 sellarum
418 1413 601 1490 equestrium
624 1411 785 1472 madefacta
809 1410 968 1472 sudoribus
992 1411 1086 1473 fulcra
1109 1431 1195 1474 resu-

179 1504 293 1582 pinant,
316 1500 366 1561 alii
391 1499 427 1560 de
451 1518 578 1560 concavo
603 1499 658 1560 tibi
681 1500 805 1561 cassidis
825 1502 940 1560 exituro
959 1501 1103 1562 flexilium
1121 1500 1196 1561 lam-

140 1613 166 1655 15
180 1594 328 1652 minarum
346 1588 441 1650 vincla
464 1588 639 1670 diffibulant,
663 1589 713 1650 alii
731 1589 914 1668 explicandis
938 1608 1093 1651 ocrearum
1110 1593 1196 1650 nexi-

179 1679 236 1742 bus
259 1679 459 1759 implicantur,
487 1678 538 1738 alii
559 1678 766 1739 hebetatorum
795 1679 884 1740 caede
914 1679 1079 1758 gladiorum
1101 1678 1195 1740 latera

181 1769 299 1830 dentata
326 1774 552 1848 pernumerant,
579 1767 630 1827 alii
657 1770 768 1829 caesim
796 1774 883 1846 atque
911 1771 1046 1847 punctim
1073 1768 1194 1829 forami-

180 1866 265 1919 natos
298 1856 426 1919 circulos
456 1855 616 1917 loricarum
646 1857 748 1935 digitis
779 1855 991 1917 livescentibus
1022 1859 1194 1918 metiuntur.

182 1947 210 2010 6.
234 1947 283 2007 bic
315 1946 385 2008 licet
417 1944 504 2005 multi
531 1943 734 2024 complexibus
765 1953 885 2006 tuorum
917 1946 1114 2025 tripudiantes
1145 1946 1196 2006 ad-

141 2062 167 2102 eo
180 2037 399 2115 haerescerent,
422 2036 454 2094 in
477 2041 506 2094 te
525 2036 671 2094 maximus
695 2041 794 2095 tamen
817 2034 946 2095 laetitiae
965 2034 1116 2115 popularis
1140 2037 1195 2094 im-

181 2133 268 2205 petus
284 2121 513 2204 congerebatur;
531 2122 711 2202 tandemque
730 2125 762 2183 in
780 2122 898 2184 turbam
914 2125 1059 2185 inermem
1074 2125 1196 2203 quidem

181 2231 306 2274 veneras
330 2211 383 2272 sed
407 2211 443 2271 de
468 2230 525 2290 qua
547 2219 576 2272 te
601 2229 656 2272 nec
680 2220 809 2273 armatus
833 2211 996 2293 evolveres3
1019 2213 1196 2292 ferebasque

181 2303 326 2364 nimirum
349 2298 500 2378 eleganter
526 2302 654 2380 ineptias
682 2300 880 2379 gratulantum
904 2309 947 2382 et,
976 2302 1047 2363 dum
1075 2305 1197 2364 inruen-

182 2400 247 2452 tum
270 2388 452 2451 tumultuoso
476 2389 616 2468 diriperis
645 2389 794 2471 amplexu,
822 2409 856 2451 eo
886 2391 1070 2452 condicionis
1098 2410 1196 2452 acces-

143 2501 170 2543 25
185 2497 267 2541 seras
290 2480 442 2558 piissimus
465 2478 578 2558 publici
601 2481 711 2539 amoris
734 2481 892 2561 interpres,
915 2486 949 2540 ut
971 2498 1094 2541 necesse
1118 2488 1198 2542 esset

184 2568 229 2630 illi
251 2567 421 2628 uberiorem
445 2567 557 2628 referre
580 2574 610 2628 te
634 2570 770 2649 gratiam,
799 2571 851 2647 qui
877 2567 933 2628 tibi
959 2567 1131 2629 liberiorem
1154 2570 1196 2628 f-

185 2659 277 2719 cisset
303 2657 452 2717 iniuriam.
504 2654 532 2716 7.
555 2663 638 2717 taceo
667 2657 807 2736 deinceps
835 2656 989 2736 collegisse
1017 2665 1046 2718 te
1074 2660 1197 2736 privatis

184 2747 298 2808 uiribus
322 2744 434 2825 publici
457 2747 605 2806 exercitus
630 2749 760 2825 speciem
782 2747 882 2824 parvis
902 2749 1087 2808 extrinsecus
1106 2749 1197 2808 maio-

184 2855 252 2897 rum
276 2834 381 2915 opibus
405 2834 538 2895 adiutum
562 2842 592 2896 et
610 2834 788 2895 infreniores
807 2834 938 2896 bostium
957 2843 1024 2896 ante
1044 2836 1198 2897 discursus

146 2948 173 2989 ao
187 2926 338 3006 castigatis
362 2923 551 2985 cohercuisse
569 2922 766 3003 populatibus.
803 2931 887 2985 taceo
911 2931 940 2985 te
964 2924 1076 3004 aliquot
1094 2944 1197 3005 super-

185 3013 322 3075 ventibus
346 3031 465 3074 cuneos.
484 3019 628 3073 mactasse
651 3012 793 3074 turmales
817 3032 832 3074 e
855 3031 980 3075 numero
1008 3022 1128 3074 tuorum
1150 3017 1198 3075 vix

186 3102 266 3164 binis
289 3104 420 3164 ternisve
443 3109 511 3181 post
537 3101 683 3180 proelium
712 3102 888 3163 desideratis
920 3109 949 3162 et
980 3109 1096 3163 lantum
1123 3102 1199 3163 cala-

258 3278 274 3326 5
295 3289 379 3342 quam
398 3271 596 3342 patentissimo
610 3272 674 3328 LN
676 3273 715 3327 M
717 3272 775 3342 GT,
795 3289 852 3341 quc
864 3272 1063 3341 patentissima
1076 3275 1140 3328 add.
1157 3276 1203 3328 est

193 3346 238 3414 Vll
254 3350 268 3398 7
287 3345 356 3398 urbe
378 3343 418 3412 01
433 3345 601 3413 processerit
620 3343 733 3398 obviam
754 3343 778 3399 0
796 3347 806 3412 11
830 3350 863 3398 14
881 3343 1047 3398 flexibilium
1071 3345 1200 3400 Votieno.

187 3420 261 3472 3421
276 3419 333 3486 1123
352 3414 472 3468 nimium
487 3415 530 3485 011
544 3422 576 3469 27
596 3417 676 3469 taceo
690 3432 774 3496 usqne
788 3416 825 3471 od
839 3433 869 3485 p.
885 3419 980 3483 57,16
997 3414 1202 3470 funerabantur

187 3504 238 3542 orn.
254 3487 317 3540 LN
325 3487 382 3541 VT
392 3489 402 3556 11
416 3491 449 3541 29
467 3485 634 3540 infreniores
653 3503 700 3557 ego
720 3485 853 3554 (mirenes
867 3487 1034 3556 Buecheler),
1053 3485 1202 3542 inferiores

186 3559 265 3614 codd.
279 3560 289 3627 l
303 3561 337 3610 30
356 3556 618 3625 supervenientibus
642 3557 768 3612 Vaticana.
783 3561 881 3626 342111
