2614 4030
156 163 175 226 8
528 161 637 216 LIBER
655 161 799 218 PRIMUS.

154 311 228 372 binc
248 313 317 390 quia
339 313 431 371 istaec
460 313 544 391 satis,
577 310 656 389 quod
685 309 799 392 subest,
832 329 941 391 quaeso
965 314 1167 373 reminiscaris

154 400 229 461 velle
256 417 304 460 me
331 399 387 460 tibi
414 399 505 461 studii
534 399 659 460 huiusce
689 401 926 461 vicissitudinem
957 401 1167 485 reponderare,

155 489 243 549 modo
256 507 304 549 me
319 487 483 550 actionibus
498 490 585 550 iustis
600 488 674 548 deus
689 505 823 549 annuens
838 496 867 549 et
882 492 1023 570 sospitem
1037 496 1168 569 praestet

156 585 185 638 et
208 578 356 638 reducem.
402 577 474 638 vale.

639 767 680 836 V.

128 906 141 946 s
341 889 508 944 sinemus
525 889 690 946 nonanto
709 890 778 945 suo
798 888 975 946 saturnu.

224 1021 250 1082 1.
274 1020 401 1081 Litteras
425 1027 490 1080 tuas
513 1019 625 1081 Romae
645 1023 761 1101 positus
785 1024 898 1102 accepi,
927 1021 1035 1101 quibus
1059 1040 1096 1082 an
1120 1041 1164 1082 se-

155 1110 285 1172 cundum
317 1127 472 1170 commune
509 1109 665 1171 consilium
698 1128 764 1170 sese
796 1113 1046 1191 peregrinationis
1082 1129 1166 1172 meae

156 1206 258 1280 coepta
281 1205 481 1279 promoveant,
505 1197 648 1259 sollicitus
671 1201 808 1278 inquiris,
836 1201 915 1260 viam
938 1202 1027 1260 etiam
1050 1199 1167 1278 qualem

156 1288 339 1368 qualiterque
364 1288 553 1368 confecerim,
576 1306 651 1368 quos
675 1294 725 1348 aut
743 1288 848 1349 fluvios
868 1288 993 1348 viderim
1012 1295 1166 1369 poetarum

116 1399 141 1437 1o
156 1376 336 1439 carminibus
360 1375 501 1437 inlustres
529 1383 579 1437 aut
605 1375 696 1437 urbes
719 1379 869 1437 moenium
893 1378 952 1437 situ
975 1376 1092 1437 inclitas
1116 1385 1166 1439 aut

155 1473 270 1527 montes
298 1467 453 1526 numinum
481 1467 620 1546 opinione
647 1465 780 1544 vulgatos
811 1472 861 1527 aut
890 1484 1009 1548 campos
1039 1465 1167 1544 proelio-

155 1575 222 1616 rum
244 1555 436 1636 replicatione
459 1553 681 1635 monstrabiles,
710 1557 780 1634 quia
802 1553 1011 1634 voluptuosum
1034 1573 1166 1636 censeas,

156 1663 230 1723 quae
249 1644 375 1704 lectione
395 1645 585 1723 compereris,
609 1661 721 1724 eorum,
745 1645 797 1722 qui
815 1646 1010 1724 inspexerint,
1033 1643 1165 1704 fideliore

155 1733 296 1794 didicisse
317 1740 489 1793 memoratu.
527 1733 665 1812 quocirca
683 1732 796 1811 gaudeo
815 1739 844 1792 te
864 1732 935 1812 quid
954 1750 1037 1811 agam
1057 1750 1165 1812 cupere

116 1843 141 1881 15
156 1840 348 1902 cognoscere3
376 1840 502 1900 namque
529 1820 735 1882 huiuscemodi
763 1821 895 1882 studium
924 1821 960 1882 de
988 1822 1096 1882 allecto
1121 1823 1167 1882 in-

154 1913 264 1972 teriore
286 1911 494 1989 proficiscitur.
537 1909 626 1990 ilicet,
651 1912 708 1970 etsi
732 1929 817 1971 secus
842 1913 1006 1991 quaepiam,
1029 1908 1085 1971 sub
1110 1928 1165 1990 ope

154 2007 253 2060 tamen
276 1999 325 2060 dei
349 1999 448 2059 ordiar
475 2017 490 2058 a
519 1999 671 2080 secundis,
701 1998 809 2078 quibus
836 1999 1009 2078 primordiis
1037 2000 1165 2060 maiores

154 2091 250 2149 nostri
287 2090 375 2147 etiam
413 2088 639 2148 sinisteritatum
677 2106 798 2149 suarum
834 2088 994 2149 relationes
1032 2088 1166 2148 evolvere

155 2175 391 2255 auspicabantur.
438 2173 467 2235 2.
491 2194 611 2255 egresso
630 2177 704 2238 mibi
722 2175 928 2238 Rhodanusiae
946 2184 1066 2238 nostrae
1085 2195 1166 2237 moe-

115 2287 141 2326 eo
155 2265 243 2326 nibus
275 2264 412 2344 publicus
445 2283 550 2326 cursus
582 2268 651 2326 usui
684 2266 740 2326 luit
771 2272 873 2344 utpote
907 2268 999 2326 sacris
1033 2265 1167 2344 apicibus

156 2357 263 2435 accito,
290 2361 319 2414 et
347 2353 465 2434 quidem
493 2372 547 2434 per
570 2354 719 2415 domicilia
746 2354 890 2415 sodalium
917 2357 1166 2434 propinquorum-

156 2462 226 2524 que3
249 2442 302 2503 ubi
325 2461 395 2503 sane
418 2444 510 2502 vianti
532 2461 645 2503 moram
669 2461 729 2504 non
747 2444 942 2504 veraedorum
960 2445 1092 2522 paucitas
1112 2423 1164 2503 sed

156 2535 318 2593 amicorum
336 2531 493 2592 multitudo
513 2531 647 2613 iaciebat,
671 2550 745 2611 quae
764 2533 838 2592 mibi
857 2539 919 2593 arto
939 2531 1072 2610 inplicita
1087 2549 1166 2592 com-

155 2620 244 2702 plexu
267 2623 341 2681 itum
364 2620 552 2700 reditumque
573 2621 690 2681 felicem
710 2621 892 2682 certantibus
911 2623 987 2681 votis
1007 2639 1165 2700 conpreca-

116 2731 141 2771 25
155 2709 250 2771 batur.
297 2712 340 2770 sic
367 2709 485 2790 Alpium
515 2712 592 2788 iugis
623 2713 905 2792 appropinquatum,
938 2727 1063 2789 quarum
1092 2710 1167 2769 mibi

156 2803 232 2860 citus
257 2806 286 2860 et
309 2798 403 2860 facilis
427 2817 568 2860 ascensus
592 2805 622 2858 et
644 2801 723 2859 inter
746 2801 895 2879 utrimque
914 2801 1056 2859 terrentis
1075 2797 1166 2858 latera

155 2891 308 2969 praerupti
321 2890 430 2949 cavatis
444 2891 476 2948 in
490 2887 594 2948 callem
608 2886 726 2948 nivibus
741 2889 848 2948 itinera
863 2887 982 2948 mollita,
1016 2885 1044 2950 3.
1064 2887 1167 2947 duvio-

155 2997 223 3038 rum
246 2996 374 3059 quoque,
397 2979 423 3037 si
447 2979 498 3057 qui
520 2995 581 3037 non
603 2975 792 3057 navigabiles,
815 2977 888 3037 vada
906 2976 1068 3057 commoda,
1093 2974 1165 3052 [vel]

157 3074 236 3128 certe
254 3069 349 3146 pervii
367 3074 482 3148 pontes,
506 3084 579 3145 quos
599 3067 758 3144 antiquitas
777 3065 1007 3127 alundamentis
1022 3065 1057 3125 ad
1072 3081 1167 3143 usque

229 3243 242 3290 1
258 3235 346 3291 istaec
360 3237 399 3305 L;
419 3236 474 3290 ista
488 3237 541 3290 hec
555 3237 592 3305 N,
611 3236 668 3290 ista
681 3236 751 3290 haee
766 3235 809 3304 M,
825 3235 884 3290 ista
899 3237 953 3291 hoc
969 3237 998 3305 θ,
1016 3237 1087 3290 haee
1106 3237 1167 3304 (om.

155 3307 221 3375 ista)
242 3307 267 3361 T
287 3309 296 3377 ΙΙ
320 3307 469 3362 therenio
488 3308 588 3377 LNT,
613 3306 728 3362 heronio
748 3307 787 3360 M
791 3307 815 3370 G
833 3312 843 3372 ΙΙ
866 3306 1012 3362 blitteras
1030 3310 1094 3361 tuos
1114 3323 1164 3361 om.

155 3396 195 3448 ap.
210 3383 247 3433 16
261 3379 313 3434 litt.
327 3397 384 3434 ccc.
399 3379 426 3433 L
439 3381 448 3446 l
464 3387 494 3432 11
513 3379 659 3433 numinum
673 3381 713 3435 ed.
728 3378 881 3434 Mediolon.
897 3383 970 3433 1498
984 3380 1059 3446 (item
1078 3378 1169 3432 tha-

155 3452 290 3517 mowc'tz);
307 3450 452 3503 nominum
470 3451 557 3516 codd,
580 3449 724 3504 hominum
748 3450 907 3505 Wowweren
921 3451 931 3518 ΙΙ
945 3454 979 3504 28
997 3448 1044 3503 vel
1062 3465 1112 3504 om.
1132 3448 1168 3516 L,

156 3539 177 3576 s.
197 3522 214 3575 l.
233 3522 297 3576 add.
312 3520 346 3574 N
350 3521 367 3588 ¹,
387 3522 418 3574 ic
436 3537 520 3591 marq.
542 3520 580 3589 V;
598 3521 696 3576 seclusi
709 3524 718 3591 ΙΙ
