2628 4034
168 184 233 250 338
539 183 690 239 chanun
709 179 807 239 XXIll.

327 332 489 415 Lenaeum,
513 333 666 416 Cererem,
688 333 800 414 Palem,
823 333 985 396 Minervam

328 425 432 504 spicis,
454 422 588 505 palmite,
611 426 742 504 pascuis,
765 425 899 501 trapetis

327 511 398 572 solis
422 513 476 572 lise
498 514 570 572 viris
593 531 648 574 nec
672 514 802 592 expetito

327 608 449 662 naturae
473 601 582 663 auxilio
605 600 709 681 procul
732 599 845 661 relictis

274 701 467 769 depromens
490 689 641 751 montibus
664 690 751 750 altius
776 707 930 769 cacumen,

327 796 388 839 non
410 787 439 839 te
463 779 542 839 fossa
565 786 669 858 patens
693 797 748 840 nec
771 778 955 857 hispidarum

327 867 446 928 obiectu
469 867 588 929 sudium
610 875 733 928 coronat
755 885 857 948 aggor3

325 975 386 1017 non
409 965 441 1017 tu
460 974 623 1038 marmora,
646 956 791 1017 bratteam
814 958 999 1039 vitrumque,

325 1063 386 1106 non
407 1045 567 1106 testudinis
589 1045 707 1107 Indicae
731 1048 871 1126 nitorem,

271 1145 305 1195 55
325 1152 384 1195 non
407 1136 433 1195 si
457 1153 529 1213 quas
553 1135 653 1195 eboris
675 1134 775 1195 trahes
798 1135 933 1195 refractis
963 1178 965 1183 ,

324 1226 430 1283 rostris
453 1223 622 1284 Marmarici
645 1223 753 1284 dedere
775 1221 870 1304 harri,

265 1345 267 1350 ·
325 1313 391 1390 ligis
415 1312 571 1373 moenibus
595 1331 759 1392 aureasque
782 1320 882 1390 portas

325 1419 451 1461 exornas
474 1403 628 1462 asaroticis
651 1400 773 1482 lapillis3

325 1489 377 1550 sed
401 1508 456 1568 per
479 1492 636 1551 semirutas
660 1489 806 1570 superbus
830 1508 928 1572 arces,

272 1591 306 1640 eo
325 1579 485 1639 ostendens
507 1581 616 1640 veteris
640 1580 730 1640 decus
755 1577 858 1658 duelli,

325 1676 478 1746 quassatos
502 1671 582 1748 geris
605 1669 715 1729 ictibus
738 1667 878 1749 molares,

323 1755 478 1818 laudandis
500 1758 660 1837 pretiosior
682 1759 787 1818 ruinis.

324 1847 384 1906 sint
406 1845 496 1906 urhcs
520 1845 593 1906 aliae
617 1848 677 1906 situ
700 1847 845 1926 minaces,

324 1953 396 2013 quas
421 1937 499 1995 vires
522 1935 650 1995 humiles
672 1953 726 2014 per
749 1935 806 1995 alta
829 1935 975 2016 condunt,

271 2037 304 2085 oo
325 2030 355 2083 et
377 2042 432 2103 per
454 2025 633 2103 praecipites
656 2022 750 2084 locata
773 2025 879 2084 cristas

325 2129 485 2190 numquam
510 2114 626 2172 moenia
650 2131 735 2173 caesa
758 2112 937 2192 glorientur:

325 2208 358 2260 tu
381 2200 495 2279 pulsate
518 2199 617 2280 places
641 2202 788 2280 iidemque
812 2201 918 2262 fortem

323 2291 502 2368 oppugnatio
525 2308 612 2369 passa
635 2291 804 2369 publicavit.

369 2377 445 2439 llinc
468 2386 497 2439 te
520 2379 644 2440 Martius
667 2379 716 2440 ille
740 2387 839 2440 rector
862 2385 951 2458 atque

271 2480 305 2530 to
324 2485 430 2546 magno
453 2476 536 2546 patre
559 2470 658 2549 prior,
679 2469 769 2529 decus
793 2467 946 2550 Getarum,

324 2555 472 2617 Romanae
496 2556 633 2618 columen
657 2557 795 2636 salusque
819 2559 929 2638 gentis,

323 2645 529 2706 Theudoricus
553 2654 630 2706 amat
653 2646 770 2725 sibique
793 2645 884 2706 fidum

324 2734 464 2795 advorsos
486 2734 593 2814 prohat
615 2742 682 2795 ante
705 2753 760 2815 per
782 2735 936 2796 tumultus.

325 2823 377 2883 sed
402 2841 462 2884 non
485 2824 554 2884 hinc
577 2823 696 2884 videare
719 2824 795 2884 sorte
819 2825 929 2904 turpis,

275 2924 307 2973 75
328 2912 407 2990 quod
429 2919 459 2972 te
482 2913 617 2973 machina
641 2913 745 2973 crebra
767 2913 941 2992 perforavit3

321 3019 447 3080 namquo
471 3003 502 3061 in
526 3019 650 3080 corpore
673 3002 794 3062 fortium
818 3003 949 3062 virorum

320 3088 384 3150 laus
408 3097 454 3150 est
478 3089 603 3169 amphor
625 3089 751 3170 amplior
773 3093 904 3151 cicatrix.

322 3181 353 3238 in
377 3181 483 3239 castris
506 3179 698 3240 Marathoniis
721 3186 885 3240 merentem

320 3266 428 3328 vulnus
452 3286 511 3328 non
534 3267 673 3328 hahuisse
697 3268 807 3347 grande
831 3267 975 3347 prohrum
999 3273 1058 3348 est,

232 3478 266 3527 46
285 3472 353 3541 palo
371 3473 422 3543 P2,
441 3473 544 3542 palaen
561 3471 614 3543 Pb,
634 3473 718 3544 palen
734 3474 762 3544 0,
780 3474 865 3543 palea
879 3475 926 3546 Ti
941 3479 974 3530 tn
995 3474 1178 3532 theodoricus

160 3541 229 3612 PF,
248 3542 427 3598 theodericus
449 3544 500 3600 OT
512 3547 521 3614 ΙΙ
