2610 4056
522 207 674 264 CARMEN
693 209 725 264 V.

152 367 186 416 70
206 355 328 417 Coclitis
351 359 382 417 iu
406 357 514 438 clipeo;
536 365 712 437 presserunt
734 358 816 418 milia
840 358 935 420 solum

206 444 297 506 multa
320 449 417 507 virum
441 447 588 526 pendente
611 449 674 529 via3-
695 466 751 509 nec
773 454 863 527 ponte
887 446 996 530 soluto,

206 553 274 595 cum
297 536 429 616 cade-ret,
453 536 568 597 cecidit.
614 555 668 596 rex
691 537 771 596 idem
794 535 922 615 denique
944 545 1039 598 morte

204 623 372 684 admonitus
396 623 511 685 scribae
535 625 641 687 didicit
664 625 722 686 sibi
744 624 821 686 bella
843 628 957 686 moveri

203 731 263 772 non
287 712 383 773 solum
407 731 475 774 oum
498 713 575 774 bella
598 715 708 794 forent3
731 732 799 774 mox
822 733 895 793 pace
917 717 1010 794 petita

150 812 184 862 75
203 803 235 861 in
258 819 383 880 reguum
406 803 509 883 rediit,
532 810 675 864 nontam
700 803 826 863 feriente
849 803 967 882 fugatus

202 908 290 968 quam
309 890 451 970 flagrante
475 895 548 953 viro.
596 899 719 953 steterat
741 910 810 954 nam
833 893 922 952 corde
946 892 1043 972 gelato

203 979 341 1040 Scaevola
365 987 395 1040 et
417 983 551 1060 apposito
575 981 710 1042 dextram
734 981 923 1042 damnaverat
946 984 1023 1064 igni,

198 1066 266 1147 plus
289 1068 360 1130 felix
382 1077 525 1148 peccante
548 1088 650 1151 manu,
674 1089 741 1131 cum
765 1070 840 1131 forte
864 1069 982 1131 satelles

201 1157 325 1236 palleret
349 1165 502 1219 constante
526 1178 578 1220 reo
601 1165 808 1238 tormentaque
833 1161 911 1239 capti

146 1248 226 1306 8010
249 1246 380 1328 fugeret,
404 1249 455 1326 qui
478 1254 574 1309 tortor
597 1255 668 1309 erat
713 1247 866 1310 Brennum
888 1250 1052 1330 tremuisti,

197 1341 266 1413 post
275 1335 393 1396 melior:
407 1336 614 1416 quodcumque
624 1345 708 1398 tuum
719 1345 773 1418 est,
781 1337 988 1416 quodcumque
998 1341 1123 1421 vocaris,

198 1425 257 1484 iam
280 1424 361 1485 solus
384 1425 528 1505 Tarpeius
552 1433 627 1507 erat3
652 1425 704 1486 sed
727 1425 857 1506 reppulit
880 1445 958 1486 uncis

198 1519 260 1573 tum
279 1532 397 1593 quoque
413 1521 505 1575 totam
524 1517 627 1596 aciem,
642 1515 774 1576 Senones
790 1516 862 1576 dum
880 1515 1016 1594 garrulus
1037 1535 1125 1578 anser

197 1605 314 1663 nuntiat
336 1611 366 1664 ct
388 1603 490 1682 vigilat
513 1610 645 1665 vestrum
667 1606 733 1664 siue
756 1603 850 1664 milite
874 1604 974 1665 fatum.

143 1699 177 1750 85
196 1709 244 1750 me
268 1710 385 1771 quoque
410 1686 462 1777 (da
485 1695 618 1774 veniam,
641 1692 720 1772 quod
738 1692 849 1754 bellum
868 1695 1016 1771 gessimus
1037 1689 1123 1779 olim)

196 1787 264 1857 post
286 1780 425 1842 Trebiam
447 1781 623 1862 Cannasque
647 1781 764 1864 domas,
786 1781 975 1860 Romanaque
999 1790 1078 1844 tecta

195 1866 341 1930 Hannibal
364 1877 433 1931 ante
457 1889 543 1932 meus
567 1889 656 1951 quam
678 1877 780 1932 nostra
804 1869 903 1950 Scipio
927 1871 1011 1932 vidit.

196 1957 268 2035 quid
291 1955 410 2019 merui?
450 1961 518 2020 fatis
541 1979 632 2040 cogor
655 1959 713 2022 tibi
730 1959 959 2040 bellamovere,

196 2063 264 2106 curn
287 2044 366 2128 volo,
390 2066 458 2108 cum
481 2048 557 2109 nolo.
603 2049 738 2129 trepidus
761 2056 791 2110 te
814 2051 932 2109 territat
954 2048 1063 2130 hostie,

142 2146 176 2194 00
195 2134 246 2195 sed
271 2141 353 2196 tutus
377 2135 531 2198 claudente
555 2137 646 2218 freto,
669 2138 749 2199 velut
771 2137 906 2217 hispidus
930 2137 988 2198 alta

196 2241 247 2283 sus
270 2242 362 2304 prope
386 2232 490 2304 tesqua
513 2229 590 2286 iacet
612 2227 788 2306 claususque
812 2229 979 2288 cacuminat
1002 2225 1077 2288 albis

195 2331 228 2371 os
251 2315 371 2393 nigrum
393 2313 462 2374 telis
485 2315 651 2396 gravidum3
675 2316 876 2377 circumlatrat
899 2318 1004 2394 ingens

193 2401 281 2461 turba
304 2420 424 2484 canum,
448 2405 474 2462 si
497 2403 572 2463 forte
595 2403 667 2464 velit
690 2423 868 2465 concurrere
893 2422 1010 2487 camp03

194 2489 243 2550 ille
266 2509 321 2570 per
344 2491 476 2552 obiectos
498 2509 605 2570 vepres
627 2498 722 2553 tumet
745 2501 833 2571 atque
857 2492 1005 2575 superbit,

142 2589 175 2638 ao
194 2581 224 2638 vi
246 2583 345 2640 tenuis
368 2581 512 2660 fortisque
536 2579 615 2662 loco,
638 2581 710 2641 dum
732 2583 885 2660 proximus
908 2581 976 2642 beia

193 2675 315 2728 venator
338 2669 374 2730 de
397 2669 471 2730 colle
496 2677 593 2730 sonat:
616 2688 672 2730 vox
695 2677 765 2730 nota
788 2671 924 2749 magistri

193 2756 331 2818 lassatam
353 2764 471 2838 reparat
494 2758 620 2840 rabiem3
643 2766 707 2820 tum
731 2757 853 2819 vulnera
876 2776 982 2818 caecus

193 2845 307 2906 fastidit
329 2850 440 2908 sentire
463 2848 554 2909 furor.
601 2847 672 2926 quid
695 2846 809 2926 proelia
832 2843 956 2907 differs?

193 2934 264 3013 quid
286 2953 367 2996 mare
391 2936 545 3018 formidas,
568 2955 623 3016 pro
646 2939 732 2998 cuius
756 2954 844 3015 saepe
867 2935 1027 3014 triumphis

124 3034 173 3084 100
193 3029 223 3083 et
245 3023 359 3086 caelum
381 3044 512 3104 pugnare
536 3022 633 3087 solet?
678 3025 750 3106 quid
774 3025 852 3104 quod
875 3023 932 3085 tibi
954 3026 1093 3104 princeps

196 3119 243 3173 est
266 3131 346 3174 nuuc
368 3121 524 3193 praeterea
547 3117 686 3196 eximius,
710 3133 798 3193 quem
823 3111 939 3174 saecula
962 3113 1090 3175 clamant

178 3288 211 3338 87
230 3282 304 3338 vidit
323 3284 417 3354 Scipio
435 3287 533 3339 nostra
553 3284 578 3341 0
593 3287 637 3354 (de
655 3287 751 3340 nostra
770 3286 805 3352 cf.
820 3302 841 3340 c.
857 3284 993 3353 XVII,2
1011 3291 1036 3340 et
1049 3286 1118 3340 Iacc.

108 3353 224 3410 Mueller
241 3357 274 3411 de
292 3373 321 3411 re
338 3363 412 3411 aaetr.
428 3375 457 3426 p.
473 3360 585 3426 319aq.)
601 3361 604 3425 1
621 3359 750 3411 nostrane
768 3357 806 3412 Μ
825 3358 835 3426 ll
857 3361 892 3410 94
910 3357 992 3410 timet
1010 3357 1123 3412 MaoP

107 3425 165 3480 PF
180 3427 190 3495 ΙΙ
209 3432 242 3481 96
262 3429 348 3508 sonet·
364 3427 480 3483 TOPF
501 3433 510 3497 ΙΙ
535 3433 584 3483 101
604 3430 750 3497 praeterea
769 3427 816 3498 M]
835 3429 968 3498 praetura
989 3428 1119 3497 CPTF;

107 3498 148 3550 esi
169 3513 242 3550 nunc
266 3515 383 3552 exrmrus
408 3515 490 3567 quem
513 3499 642 3569 praescia
665 3499 779 3554 saecula
801 3499 927 3553 clamant
949 3501 1026 3556 codd.
1049 3500 1118 3554 Ber-

108 3570 196 3624 aeaca's
215 3575 240 3625 et
258 3570 408 3626 Parisinus
425 3574 504 3628 2732
524 3571 579 3643 (laic
597 3577 688 3627 tomen
706 3575 735 3626 et
751 3589 779 3626 n.
799 3570 916 3640 eximus)
930 3575 939 3638 ΙΙ

905 3661 959 3716 17*
