2610 4056
170 231 236 327 214
545 260 802 316 nmuuuouus

170 413 247 493 apud
277 412 419 492 oppidum
447 407 583 472 nos'trum
615 427 684 471 cum
714 416 894 492 moraretur,
926 409 1020 470 donec
1048 412 1195 487 gentium

169 503 382 563 concitatarum
405 499 534 579 procella
562 499 752 580 defremeret,
781 501 866 560 cuius
894 501 1032 560 immanis
1059 497 1131 558 hinc
1156 505 1194 558 et

169 590 239 651 hinc
262 588 349 650 turbo
373 597 443 649 tunc
471 589 673 668 inhorruerat,
702 590 744 648 sic
772 587 887 667 reliqua
911 588 986 648 dona
1010 593 1108 647 vestra
1134 587 1194 647 de-

169 681 252 760 texit,
280 686 313 740 ut
335 677 502 758 perurbane
527 659 601 756 quae
624 679 839 756 praestantiora
862 677 998 757 portabat
1020 677 1194 757 operuerit,

142 771 270 848 aspinas
298 784 379 828 meas
407 765 555 827 illustrare
584 764 773 827 dissimulans
801 767 860 826 tuis
889 765 1020 826 floribus.
1072 762 1100 825 7.
1131 764 1192 825 sed

168 865 236 937 post
260 857 333 917 duos
356 864 406 917 aut
428 855 476 916 his
499 853 626 934 amplius
643 872 762 915 menses
782 857 825 915 sic
844 873 962 934 quoque
982 873 998 914 a
1016 852 1103 914 nobis
1123 856 1192 914 cito

168 946 335 1026 profectum
358 963 425 1005 cum
445 946 577 1023 quipiam
594 943 796 1024 prodidissent
810 943 846 1003 de
862 942 1022 1004 viatoribus
1036 943 1187 1022 mysticae

169 1053 256 1115 gazae
280 1033 389 1095 clausis
412 1032 574 1094 involucris
603 1031 677 1093 clam
705 1032 784 1092 serre
812 1030 982 1112 thesauros,
1009 1030 1191 1110 pernicibus

169 1126 255 1202 equis
278 1125 431 1184 insecutus
455 1121 621 1202 abeuntem,
652 1123 704 1200 qui
726 1121 811 1181 facile
834 1129 957 1200 possent
979 1119 1098 1180 itineris
1121 1123 1191 1198 pri-

130 1213 250 1273 1odiani
273 1214 368 1292 spatia
391 1217 588 1291 praevertere,
612 1208 713 1270 osculo
732 1212 764 1269 in
786 1210 885 1270 fauces
904 1211 1039 1289 occupati
1058 1207 1189 1269 latronis

169 1300 285 1381 insilui,
316 1300 445 1361 humano
478 1301 558 1380 ioco,
590 1306 675 1377 gestu
706 1300 816 1379 serino,
847 1298 939 1359 veluti
967 1300 993 1359 si
1020 1299 1191 1358 excussura

170 1408 387 1470 quemcumque
412 1388 577 1449 catulorum
599 1387 700 1448 Parthi
723 1387 797 1447 colla
821 1390 950 1466 raptoris
972 1386 1047 1467 pede
1069 1369 1189 1456 volatili

169 1481 257 1558 tigris
281 1477 383 1538 orbata
406 1479 612 1558 superemicet.
659 1475 687 1538 8.
712 1475 783 1554 quid
811 1472 924 1536 multa?
956 1477 1034 1554 capti
1055 1475 1191 1553 hospitis

171 1585 266 1647 genua
290 1566 470 1646 complector
493 1568 625 1626 iumenta
649 1567 731 1646 sisto,
755 1565 839 1625 frena
861 1565 920 1644 ligo
942 1567 1073 1625 sarcinas
1093 1562 1189 1644 solio,

78 1675 83 1688 ’
131 1674 157 1715 15
172 1659 339 1736 quaesitum
352 1655 491 1716 volumen
505 1657 622 1715 invenio
636 1654 778 1734 produco,
796 1653 897 1714 lectito
914 1671 1040 1733 excerpo
1056 1655 1191 1714 maxima

173 1765 208 1806 ex
232 1747 347 1824 magnis
371 1747 466 1824 capita
495 1741 671 1804 defrustans.
716 1742 822 1803 tribuit
844 1749 874 1803 et
898 1741 1045 1822 quoddam
1068 1741 1186 1802 dictare

169 1834 311 1895 celeranti
334 1832 500 1894 scribarum
528 1834 693 1912 sequacitas
722 1830 850 1892 saltuosa
878 1831 1100 1911 compendium,
1128 1833 1186 1909 qui

170 1921 461 2003 comprehendebant
484 1923 577 2000 signis
601 1921 680 2000 quod
708 1919 816 1981 litteris
839 1939 899 1980 uon
922 1919 1071 1980 tenebant.
1118 1922 1187 1998 qui·

170 2012 227 2073 bus
250 2010 381 2073 lacrimis
404 2029 474 2071 sane
498 2008 700 2070 maduerimus
722 2017 825 2070 mutuo
844 2011 975 2070 vicissim
995 2008 1067 2069 ssetu
1086 2009 1188 2090 rigati,

131 2123 157 2162 ao
171 2109 242 2163 tunc
266 2119 333 2161 cum
357 2099 393 2159 ab
411 2098 548 2178 amplexu
568 2116 655 2177 saepe
676 2100 803 2178 repetito
824 2116 1039 2178 separaremur,
1062 2095 1188 2175 longum

171 2197 217 2250 est
249 2189 359 2249 dixisse
392 2206 447 2248 nec
475 2188 580 2268 relert3
613 2187 692 2266 quod
723 2187 896 2266 triumphali
928 2187 1037 2247 sufficit
1067 2185 1188 2267 gaudio,

171 2277 275 2357 spoliis
306 2284 445 2337 onustum
472 2277 603 2336 caritatis
631 2283 675 2343 etv
693 2275 835 2354 spiritalis
862 2283 1030 2355 compotem
1055 2274 1187 2354 praedae

170 2384 218 2426 me
242 2367 361 2426 domum
389 2364 499 2425 rettuli.
545 2362 574 2425 9.
599 2366 717 2443 quaeris
744 2383 837 2446 nunc,
870 2365 940 2443 quid
969 2364 1005 2424 de
1033 2363 1187 2424 manubiis

145 2457 246 2515 ·meis
269 2454 406 2515 iudicem.
447 2453 556 2514 nollem
579 2453 675 2514 adhuc
697 2454 833 2534 prodere,
857 2471 915 2532 quo
939 2453 1109 2514 diuturnius
1133 2470 1187 2512 ex-

131 2564 157 2604 ea
171 2546 338 2624 pectatione
366 2543 542 2624 penderes3·
559 2542 626 2622 plus
658 2560 706 2602 me
735 2544 815 2603 enim
842 2542 1017 2622 idciscerer,
1050 2544 1076 2602 si
1105 2542 1188 2620 quod

172 2635 254 2694 sensi
276 2639 415 2693 tacerem.
454 2632 505 2692 sed
529 2634 587 2692 iam
610 2650 665 2691 uec
689 2633 753 2710 ipse
777 2631 885 2692 frustra
911 2630 1058 2711 superbis,
1081 2637 1188 2709 utpote

171 2721 347 2800 intellegens
376 2720 431 2781 tibi
453 2723 553 2782 inesse
581 2722 720 2780 virtutem
749 2721 792 2780 sic
819 2719 991 2800 perorandi,
1023 2726 1057 2780 ut
1079 2717 1190 2780 lectori

171 2819 238 2892 tuo,
256 2829 309 2871 seu
342 2808 501 2871 reluctanti
528 2827 581 2869 seu
608 2807 773 2868 voluntario
801 2811 845 2869 vis
874 2809 1032 2888 voluptatis
1060 2807 1208 2869 excudat-

172 2901 324 2979 praeconii
337 2901 554 2960 necessitatem.
591 2897 715 2977 proinde
735 2899 845 2978 accipe,
869 2898 939 2976 quid
960 2895 1189 2976 superscriptis

132 3007 158 3047 ao
172 2991 232 3049 tuis
251 2995 280 3049 et
294 2990 433 3048 iniuriam
448 2989 528 3066 passi
547 3004 731 3070 censeamus¹
768 2983 818 3048 10.
842 2985 974 3064 legimus.
987 3004 1061 3066 opus
1081 3003 1190 3064 opero-

244 3201 260 3248 2
286 3193 417 3261 immanis
446 3194 634 3263 Iaeuetpbbcau,
662 3191 795 3262 imaginis
824 3194 862 3247 M
867 3194 929 3261 ΟΡ,
957 3190 1097 3261 ymaginis
1123 3193 1155 3247 F

174 3272 189 3320 't
209 3265 356 3336 quippiam
377 3265 434 3321 OF
454 3269 463 3331 ΙΙ
486 3271 502 3319 9
521 3264 629 3333 possint
649 3264 670 3334 (i
689 3281 757 3319 corr.
776 3265 808 3318 ia
826 3280 841 3318 e
860 3263 1023 3334 M¹)MOF
1033 3266 1043 3334 ΙΙ
1061 3269 1094 3316 12
1114 3263 1192 3320 collo

175 3341 254 3407 (post.
279 3353 295 3390 o
319 3340 352 3392 ta
372 3353 427 3392 ros.
448 3335 614 3403 M²)MPF
643 3337 647 3404 Ι
677 3333 788 3389 volatili
815 3336 940 3391 Vaticana.
956 3339 1043 3404 3421,
1069 3334 1207 3391 volatici·

176 3412 256 3478 (ροετ.
271 3407 282 3460 i
295 3425 364 3463 corr.
379 3410 411 3462 ta
430 3423 446 3461 o
461 3406 596 3475 Mpmc,
614 3405 736 3472 polatico
752 3406 832 3475 PFq
846 3411 880 3460 20
899 3406 935 3461 ab
954 3423 1003 3462 orn.
1015 3407 1044 3462 ‚0
1053 3408 1063 3475 ΙΙ
1076 3412 1110 3460 23
1130 3423 1193 3461 ma·

175 3478 258 3532 nibus
278 3482 359 3546 (corr.
378 3480 411 3532 ia
428 3477 568 3531 manubiis
587 3476 698 3544 P¹)cP
717 3479 727 3546 ΙΙ
750 3482 785 3532 24
803 3477 879 3545 quod
903 3482 984 3545 (corr.
1003 3479 1037 3532 io
1054 3493 1110 3544 quo
1130 3478 1193 3537 M1)

175 3548 273 3690 131(qu
282 3551 292 3619 ΙΙ
305 3556 342 3618 27,
359 3547 493 3618 operandi
508 3548 532 3603 O
541 3551 551 3618 ῃ
565 3553 599 3602 30
616 3546 695 3616 passi
713 3548 742 3601 et
755 3547 887 3602 iniuriam
902 3548 926 3604 0
939 3553 942 3618 Ι
958 3547 1035 3617 passi
1053 3565 1074 3603 o.
1089 3548 1106 3603 l.
1122 3551 1190 3605 add.
