2614 4030
150 213 194 278 28
492 209 600 266 LIBER
619 209 816 266 SECUNDUS,

150 363 291 424 invidiam
315 362 507 442 supplicando
531 369 672 443 moveret,
696 379 784 441 quam
808 362 992 423 criminando
1016 380 1076 422 non
1094 382 1163 424 oon·

150 455 299 513 citaverat.
344 451 406 512 dixi
429 452 465 512 ad
489 458 654 512 extremum
672 468 795 529 pressus
814 457 899 511 oratu
916 469 1075 530 procerum
1094 471 1163 512 con·

150 540 349 622 globatorum‚
382 542 473 601 sciret
500 538 655 601 conatibus
683 541 745 600 suis
774 557 862 600 versu
884 539 927 600 nil
950 541 1164 623 reponendum,

150 630 292 708 derogare
316 629 431 691 actibus
453 631 528 690 meis
556 631 588 689 in
615 636 768 708 posterum
796 634 896 689 tamen
919 630 945 689 si
967 632 1163 712 pepercisset3

123 721 261 780 oetenim
284 719 422 780 sulficere
446 718 564 799 debere,
588 717 665 796 quod
691 719 798 778 satirae
817 717 944 778 obiectio
964 717 1071 778 lamam
1089 719 1164 779 mihi

149 814 292 888 parasset,
319 808 372 868 sed
396 807 454 869 sibi
476 807 636 868 infamiam.
684 803 734 868 17.
757 809 789 866 in
818 824 932 867 snmma
958 807 1074 886 perculi
1098 810 1163 887 qni·

149 896 231 978 dem,
263 896 381 957 domine
408 898 516 977 maior,
548 913 608 956 non
638 902 817 956 assertorem
849 895 1013 956 calumniae
1046 903 1163 957 tantum

150 993 294 1064 quantum
311 992 574 1066 murmuratorem3
593 984 646 1044 sed
665 1001 733 1045 cum
751 983 825 1044 mihi
844 987 887 1045 sic
906 983 1090 1045 satisfactum
1108 992 1164 1066 est,

150 1082 184 1135 ut
205 1076 320 1154 pectori
342 1093 409 1134 meo
432 1093 487 1153 pro
510 1081 595 1135 reatu
618 1076 683 1134 eius
706 1080 751 1134 tot
772 1080 952 1152 potestatum
973 1073 1162 1152 dignitatum·
1209 1103 1220 1130 ι

110 1181 136 1221 10
150 1182 208 1242 que
232 1163 361 1224 culmina
384 1169 417 1223 et
432 1165 497 1223 iura
517 1165 782 1243 summitterentur‚
806 1162 899 1223 fateor
918 1162 1073 1224 exordium
1092 1182 1161 1225 oon-

150 1252 289 1313 tumeliae
312 1251 379 1312 talis
402 1254 477 1312 tanti
500 1251 601 1333 luisse,
624 1253 674 1312 cui
696 1252 764 1312 finis
788 1250 881 1331 gloria
904 1251 968 1312 tuit.
1014 1251 1086 1313 vale.

196 1803 288 1876 GAI
317 1802 492 1876 SOLLII
520 1801 885 1876 APOLLINARIS
915 1800 1119 1876 SIDONII
1188 1867 1194 1878 .

465 1944 848 2018 EPISTULARUM

487 2122 599 2184 LIBER
623 2121 825 2184 SECUNDUS.

645 2314 670 2380 I.

350 2435 517 2492 SIDONIUS
535 2435 679 2491 EUDIUIO
699 2435 768 2493 SUO
787 2434 964 2492 SALUTEM.

219 2548 247 2612 1.
270 2549 334 2611 Duo
352 2568 432 2611 nunc
451 2552 564 2630 pariter
582 2549 658 2611 mala
678 2552 825 2612 sustinent
842 2550 967 2610 Arverni
985 2552 1037 2611 tui.
1062 2545 1163 2629 ‘quae-

149 2635 256 2701 nam?'
288 2641 396 2719 inquio.
442 2642 641 2719 praesentiam
665 2639 802 2701 Seronati
829 2646 858 2700 et
886 2638 1050 2700 absentiam
1072 2647 1163 2700 tuam.

111 2747 136 2788 1⁵
152 2729 296 2811 Seronati,
314 2731 448 2807 inquam:
468 2728 504 2788 de
519 2730 604 2789 cuius
618 2736 652 2789 ut
665 2731 795 2808 primum
810 2730 898 2789 etiam
917 2731 1036 2789 nomine
1051 2729 1164 2810 loquar,

151 2822 194 2880 sic
217 2819 291 2879 mihi
313 2818 431 2878 videtur
455 2819 540 2896 qnasi
562 2820 696 2897 praescia
719 2818 887 2878 futurorum
905 2817 1013 2878 lusisse
1037 2819 1164 2899 lartum,
1253 2869 1256 2878 .

151 2911 239 2969 sicuti
262 2926 298 2968 ex
322 2907 445 2968 adverso
468 2908 597 2967 maiores
620 2908 717 2966 nostri
739 2906 864 2989 proelia,
890 2906 998 2986 quibus
1021 2906 1095 2967 nihil
1118 2914 1164 2967 est

150 2997 279 3077 foedius,
311 2995 388 3056 bella
421 2996 574 3076 dixerunt3
606 2997 717 3074 quoique
746 2997 835 3056 etiam
861 2998 928 3075 pari
955 2998 1163 3057 contrarietate

151 3085 223 3167 lata,
251 3087 320 3164 quia
348 3102 408 3145 non
436 3091 606 3164 parcerent,
632 3083 739 3144 Parcas
767 3087 941 3146 vocitavere.
987 3084 1076 3145 rediit
1098 3086 1162 3163 ipse

111 3192 138 3232 ro
151 3173 277 3235 Catilina
296 3173 406 3234 saeculi
425 3175 521 3234 nostri
539 3191 635 3252 nuper
648 3172 816 3255 Aturrihns‚
834 3181 867 3234 ut
882 3176 1055 3253 sanguinem
1070 3172 1163 3233 sortu-

222 3361 481 3431 suspendendum
504 3361 631 3416 Vatican.
646 3365 718 3416 3421
741 3362 750 3430 ll
773 3367 789 3415 6
809 3361 858 3416 sed
881 3363 940 3417 secl.
960 3362 1161 3444 landolenus}

149 3431 259 3502 perculi
281 3433 478 3501 Wilcmowitz,
504 3430 610 3501 pertuli
632 3433 709 3488 codd.
732 3434 742 3502 ΙΙ
769 3436 803 3486 18
828 3432 938 3486 arverni
959 3432 1003 3487 aui
1021 3433 1090 3503 LT,
1119 3435 1163 3487 tur

151 3502 263 3558 arverni
280 3503 345 3558 Md
368 3507 377 3571 l
406 3510 438 3558 18
458 3502 574 3573 quique]
599 3501 703 3573 quippe
722 3503 898 3572 haeliodorus
924 3507 934 3574 ΙΙ
961 3509 994 3558 19
1012 3502 1086 3576 ipse]
1109 3503 1163 3558 iste

150 3575 328 3645 Loetjohoou
340 3575 350 3643 fl
363 3579 398 3629 20
417 3590 481 3628 saec
499 3590 570 3644 sequ.
585 3589 624 3644 sp.
634 3592 659 3630 o.
669 3575 696 3629 L
712 3576 716 3644 1
733 3573 874 3629 aturribus
888 3591 938 3630 om.
953 3592 993 3646 op.
1004 3580 1039 3631 Η
1055 3577 1072 3632 l.
1081 3593 1106 3632 a.
1118 3576 1163 3648 ΒΗ
