2660 4030
165 189 231 254 152
513 143 829 261 ornnosrmnrus.

165 345 281 400 certum
304 345 360 418 est,
382 337 455 418 quid
476 336 635 398 barbarum
659 336 824 397 suaderetis
846 338 954 415 ignavi.
995 335 1025 399 6.
1049 337 1102 398 sed
1125 358 1184 400 cur

165 425 262 488 dolori
285 427 377 488 nimio
400 427 484 488 lrena
503 422 656 486 laxamus?
679 428 752 504 quin
774 427 875 504 potius
897 428 1042 504 ignoscite
1061 426 1184 488 afflictis

165 533 222 577 nec
245 517 388 594 imputate
411 513 622 576 maerentibus.
659 532 786 593 namque
810 513 866 575 alia
888 517 971 594 regio
990 515 1098 577 tradita
1117 535 1183 578 ser·

165 607 272 666 vitium
286 613 395 685 sperat,
418 605 548 665 Arverna
562 603 749 683 supplicium.
786 621 857 664 sane
872 606 898 663 si
911 604 1054 665 medicari
1068 609 1180 666 nostris

139 692 280 755 onltimis
303 711 362 754 non
386 692 503 773 valetis,
536 692 634 754 saltim
661 692 718 753 hoc
745 692 855 753 efficite
882 711 972 771 prece
1000 693 1115 775 sedula,
1145 702 1181 754 nt

167 785 288 862 sangnis
310 784 397 864 uvat,
419 799 545 860 quorum
568 788 615 842 est
637 783 781 842 moritura
803 779 939 862 libertas3
961 791 1063 861 parate
1086 781 1181 843 eruli-
1296 856 1315 874 ..

165 869 223 934 bns
246 878 372 952 terram,
399 871 551 950 capiendis
575 869 824 950 redemptionem,
846 871 986 932 malicum
1007 873 1181 950 peregrina·

166 963 252 1022 turis.
296 962 323 1021 si
345 953 457 1022 murus'
472 966 575 1021 noster
598 961 732 1039 aperitur
753 958 899 1040 hostibus,
920 977 981 1021 non
1004 963 1045 1021 sit
1061 959 1182 1021 clausus

165 1057 266 1111 vester
296 1048 474 1128 hospitibus.
523 1066 639 1110 memor
669 1049 764 1109 nostri
796 1065 862 1108 esse
894 1049 1029 1129 dignare,
1061 1048 1181 1110 domine

126 1155 251 1219 ropapa

630 1310 720 1376 VIII.

141 1485 144 1492 ,
226 1431 394 1489 SIDONIUS
412 1431 557 1489 DOMINO
575 1432 694 1488 PAPAE
712 1431 926 1488 EUPHRONIO
945 1432 1123 1489 SALUTEM.

236 1544 264 1609 1.
297 1545 543 1625 Quandoquidem
569 1565 617 1608 me
645 1545 791 1607 clericalis
819 1547 911 1607 officii
937 1546 1053 1607 vincula
1080 1545 1184 1626 ligant,

168 1633 373 1697 felicissimum
399 1635 614 1696 mediocritatis
641 1654 724 1696 meae
752 1642 862 1696 statum
889 1639 1127 1717 pronuntiarem,
1155 1639 1183 1695 si
1233 1645 1237 1654 '

167 1724 254 1786 nobis
281 1724 462 1786 haberentur
489 1743 577 1804 quam
600 1726 749 1785 territoria
773 1726 869 1784 vicina
891 1731 952 1784 tam
974 1727 1099 1786 moenia.
1145 1724 1182 1785 de

128 1830 154 1872 1s
166 1815 300 1875 minimis
322 1813 461 1875 videlicet
483 1813 573 1874 rebus
597 1831 736 1874 coronam
760 1820 840 1873 tuam
859 1816 1054 1893 maximisque
1074 1831 1182 1874 consu-

167 1901 274 1984 lerem,
301 1903 444 1982 fieretque
468 1904 617 1964 actionum
642 1920 775 1965 mearum
803 1904 888 1981 quasi
911 1905 1076 1982 cuiuspiam
1099 1902 1183 1963 lluvii

167 1990 301 2073 placidus
324 2009 431 2053 cursus
455 1998 543 2070 atque
566 1992 743 2072 inoffensus,
771 1993 797 2051 si
825 2010 841 2051 e
866 1998 993 2052 tractatu
1015 2000 1067 2052 tuo
1089 1991 1183 2052 veluti
1318 2014 1319 2038 t

168 2100 204 2143 ex
229 2080 423 2142 saluberrimo
441 2080 527 2140 doute
550 2088 691 2141 manaret.
728 2080 832 2160 procul
855 2080 945 2141 dubio
964 2088 1035 2142 tunc
1054 2080 1103 2142 ille
1122 2099 1183 2141 non

56 2187 58 2194 ’
168 2176 248 2231 esset
271 2175 322 2230 aut
340 2186 498 2248 spumosus
517 2187 571 2248 per
589 2170 759 2230 iactantiam
777 2176 828 2230 aut
845 2168 984 2230 turbidus
1003 2188 1058 2250 per
1077 2188 1181 2250 super-

127 2277 154 2318 eo
168 2257 248 2319 biam
266 2264 318 2318 ant
333 2275 477 2319 caenosus
495 2275 549 2336 per
564 2260 775 2319 conscientiam
789 2265 840 2319 aut
853 2276 996 2338 praeceps
1010 2277 1065 2338 per
1079 2261 1182 2320 iuven·

168 2353 272 2408 tutem.
324 2346 396 2425 quin
424 2348 523 2426 potius
551 2347 582 2407 in
612 2346 662 2407 illo
691 2347 858 2426 squalidum
887 2349 912 2408 si
940 2347 1010 2426 quid
1040 2366 1074 2408 ac
1096 2355 1185 2427 putre
1223 2361 1226 2370 ’

169 2435 314 2517 sorderet,
332 2441 429 2496 totum
447 2436 477 2496 id
497 2435 625 2497 admixta
640 2436 756 2498 consilii
776 2439 820 2497 tui
834 2455 907 2496 vena
922 2436 1058 2498 dilueret.
1087 2436 1116 2497 2.
1132 2437 1185 2497 sed

170 2526 309 2604 quoniam
340 2523 546 2585 huiuscemodi
574 2528 650 2586 votis
678 2527 772 2605 spatia
800 2532 870 2586 sunt
896 2524 982 2605 longa
1010 2528 1186 2606 interposita

168 2614 421 2696 praepedimento,
445 2613 547 2674 sedulo
570 2633 687 2695 precor,
709 2621 743 2675 ut
766 2613 970 2675 consulentem
989 2615 1026 2674 de
1046 2613 1187 2694 scrupulo

128 2717 155 2763 sc
170 2703 311 2764 incursae
326 2702 526 2784 ambiguitatis
546 2704 685 2783 expedias
705 2711 743 2784 et,
767 2705 836 2782 quia
855 2703 1050 2786 Simplicium,
1072 2711 1187 2783 specta-

168 2791 260 2853 bilem
283 2795 388 2874 virum,
400 2794 585 2872 episcopum
609 2792 667 2852 sibi
689 2791 801 2870 flagitat
824 2791 952 2871 populus
971 2792 1087 2854 biturix
1107 2793 1187 2853 ordi·

168 2883 248 2963 nari,
276 2881 346 2961 quid
375 2899 465 2961 super
491 2887 573 2942 tanto
602 2880 726 2942 debeam
748 2883 867 2960 negotio
895 2881 1006 2963 facere,
1035 2882 1187 2943 decernas.

169 2969 259 3031 huius
283 2989 315 3031 es
334 2988 462 3050 namque
482 2969 528 3030 vel
547 2988 616 3050 erga
635 2988 681 3030 me
701 2970 946 3049 dignationisvel
966 2989 1035 3050 erga
1054 2971 1190 3051 reliquos

170 3061 364 3142 auctoritatis,
391 3067 433 3141 ut,
458 3061 484 3119 si
507 3060 578 3138 quid
602 3059 668 3119 fieri
691 3058 771 3120 voles
796 3052 890 3142 (voles
915 3067 1022 3141 autem,
1045 3059 1189 3139 quioquid

129 3165 157 3207 ao
171 3149 385 3228 aequissimum
408 3141 483 3232 est),
510 3165 570 3208 non
599 3149 723 3209 suadere
748 3155 807 3209 tam
832 3147 940 3209 debeas
964 3167 1051 3228 quam
1076 3149 1190 3210 iubere.

244 3341 258 3390 1
279 3335 449 3409 suaderetis]
470 3335 643 3392 adiurareiis
663 3337 868 3406 Mommsenio
888 3309 1079 3396 maerentibus
1098 3355 1149 3394 om.
1171 3337 1197 3393 O

172 3409 180 3476 ll
200 3413 232 3462 17
252 3405 381 3478 placidus
397 3407 424 3461 L
442 3414 468 3464 et
486 3413 567 3468 (corr.
587 3410 618 3463 io
636 3406 848 3477 placidissimus
863 3408 897 3462 N
898 3408 961 3477 ¹)N,
1000 3407 1193 3464 lucidissimus

172 3478 334 3621 {agapius
354 3495 388 3533 ex
407 3479 508 3549 LNT,
527 3494 543 3534 e
560 3478 645 3549 ΜΟΙΙ
659 3486 692 3534 23
712 3478 845 3547 quonium
860 3480 894 3548 L,
914 3495 969 3547 quo
1009 3479 1102 3535 MOT
1118 3486 1144 3536 et
1160 3482 1194 3535 io
