<?xml version="1.0" encoding="UTF-8"?>
<!DOCTYPE html PUBLIC "-//W3C//DTD XHTML 1.0 Transitional//EN"
    "http://www.w3.org/TR/xhtml1/DTD/xhtml1-transitional.dtd">
<html xmlns="http://www.w3.org/1999/xhtml" xml:lang="en" lang="en">
 <head>
  <title>
</title>
<meta http-equiv="Content-Type" content="text/html;charset=utf-8" />
  <meta name='ocr-system' content='tesseract 3.04.00' />
  <meta name='ocr-capabilities' content='ocr_page ocr_carea ocr_par ocr_line ocrx_word'/>
</head>
<body>
  <div class='ocr_page' id='page_1' title='image "./csolliusapollin01apolgoog_0334.png"; bbox 0 0 2628 4034; ppageno 0'>
   <div class='ocr_carea' id='block_1_1' title="bbox 502 219 1120 286">
    <p class='ocr_par' dir='ltr' id='par_1_1' title="bbox 502 219 1120 286">
     <span class='ocr_line' id='line_1_1' title="bbox 502 219 1120 286; baseline -0.003 -11"><span class='ocrx_word' id='word_1_1' title='bbox 502 219 654 275; x_wconf 84' lang='lat' dir='ltr'><strong>CARMEN</strong></span> <span class='ocrx_word' id='word_1_2' title='bbox 672 220 731 277; x_wconf 86' lang='lat' dir='ltr'>Vll.</span> <span class='ocrx_word' id='word_1_3' title='bbox 1057 222 1120 286; x_wconf 74' lang='lat'>277</span> 
     </span>
    </p>
   </div>
   <div class='ocr_carea' id='block_1_2' title="bbox 147 370 1122 2493">
    <p class='ocr_par' dir='ltr' id='par_1_2' title="bbox 148 370 1082 807">
     <span class='ocr_line' id='line_1_2' title="bbox 148 370 993 450; baseline 0.001 -20"><span class='ocrx_word' id='word_1_4' title='bbox 148 381 182 431; x_wconf 87' lang='grc' dir='ltr'>2ο</span> <span class='ocrx_word' id='word_1_5' title='bbox 201 371 319 449; x_wconf 91' lang='lat' dir='ltr'>iamque</span> <span class='ocrx_word' id='word_1_6' title='bbox 342 377 375 430; x_wconf 94' lang='lat' dir='ltr'>ut</span> <span class='ocrx_word' id='word_1_7' title='bbox 398 371 573 430; x_wconf 88' lang='lat' dir='ltr'>conveniant</span> <span class='ocrx_word' id='word_1_8' title='bbox 597 372 711 450; x_wconf 90' lang='lat' dir='ltr'>superi,</span> <span class='ocrx_word' id='word_1_9' title='bbox 734 370 908 449; x_wconf 83' lang='lat' dir='ltr'>Tegeaticus</span> <span class='ocrx_word' id='word_1_10' title='bbox 932 370 993 431; x_wconf 92' lang='lat' dir='ltr'>ales</span> 
     </span>
     <span class='ocr_line' id='line_1_3' title="bbox 201 457 1082 539; baseline 0.002 -21"><span class='ocrx_word' id='word_1_11' title='bbox 201 477 280 519; x_wconf 89' lang='lat' dir='ltr'>nunc</span> <span class='ocrx_word' id='word_1_12' title='bbox 303 458 425 539; x_wconf 92' lang='lat' dir='ltr'>plantis,</span> <span class='ocrx_word' id='word_1_13' title='bbox 449 477 528 519; x_wconf 93' lang='lat' dir='ltr'>nunc</span> <span class='ocrx_word' id='word_1_14' title='bbox 551 459 648 518; x_wconf 87' lang='lat' dir='ltr'>fronte</span> <span class='ocrx_word' id='word_1_15' title='bbox 673 457 761 539; x_wconf 69' lang='lat' dir='ltr'>volat,</span> <span class='ocrx_word' id='word_1_16' title='bbox 784 461 832 519; x_wconf 84' lang='lat' dir='ltr'>vix</span> <span class='ocrx_word' id='word_1_17' title='bbox 856 461 980 538; x_wconf 89' lang='lat' dir='ltr'>contigit</span> <span class='ocrx_word' id='word_1_18' title='bbox 1002 479 1082 520; x_wconf 91' lang='lat' dir='ltr'>arva:</span> 
     </span>
     <span class='ocr_line' id='line_1_4' title="bbox 202 546 964 627; baseline 0.001 -20"><span class='ocrx_word' id='word_1_19' title='bbox 202 554 231 607; x_wconf 92' lang='lat' dir='ltr'>et</span> <span class='ocrx_word' id='word_1_20' title='bbox 254 555 315 608; x_wconf 90' lang='lat' dir='ltr'>toto</span> <span class='ocrx_word' id='word_1_21' title='bbox 340 547 494 608; x_wconf 86' lang='lat' dir='ltr'>descendit</span> <span class='ocrx_word' id='word_1_22' title='bbox 517 566 577 608; x_wconf 90' lang='lat' dir='ltr'>avo.</span> <span class='ocrx_word' id='word_1_23' title='bbox 623 565 718 627; x_wconf 92' lang='lat' dir='ltr'>mare,</span> <span class='ocrx_word' id='word_1_24' title='bbox 743 555 821 608; x_wconf 91' lang='lat' dir='ltr'>terra</span> <span class='ocrx_word' id='word_1_25' title='bbox 844 546 890 608; x_wconf 91' lang='lat' dir='ltr'>vel</span> <span class='ocrx_word' id='word_1_26' title='bbox 914 565 964 608; x_wconf 91' lang='lat' dir='ltr'>aer</span> 
     </span>
     <span class='ocr_line' id='line_1_5' title="bbox 203 636 968 717; baseline 0 -21"><span class='ocrx_word' id='word_1_27' title='bbox 203 636 357 715; x_wconf 91' lang='lat' dir='ltr'>indigenas</span> <span class='ocrx_word' id='word_1_28' title='bbox 380 638 490 698; x_wconf 84' lang='lat' dir='ltr'><strong>misere</strong></span> <span class='ocrx_word' id='word_1_29' title='bbox 514 636 593 696; x_wconf 91' lang='lat' dir='ltr'>deos.</span> <span class='ocrx_word' id='word_1_30' title='bbox 640 655 779 715; x_wconf 79' lang='lat' dir='ltr'>germane</span> <span class='ocrx_word' id='word_1_31' title='bbox 802 636 968 717; x_wconf 78' lang='lat' dir='ltr'>Tonantis,</span> 
     </span>
     <span class='ocr_line' id='line_1_6' title="bbox 201 725 983 807; baseline 0.003 -23"><span class='ocrx_word' id='word_1_32' title='bbox 201 728 296 805; x_wconf 92' lang='lat' dir='ltr'>prime</span> <span class='ocrx_word' id='word_1_33' title='bbox 320 728 416 807; x_wconf 82' lang='lat' dir='ltr'>venis,</span> <span class='ocrx_word' id='word_1_34' title='bbox 440 726 526 785; x_wconf 91' lang='lat' dir='ltr'>viridi</span> <span class='ocrx_word' id='word_1_35' title='bbox 552 727 603 804; x_wconf 94' lang='lat' dir='ltr'>qui</span> <span class='ocrx_word' id='word_1_36' title='bbox 626 725 733 786; x_wconf 85' lang='lat' dir='ltr'>Dorida</span> <span class='ocrx_word' id='word_1_37' title='bbox 756 725 869 785; x_wconf 90' lang='lat' dir='ltr'>findere</span> <span class='ocrx_word' id='word_1_38' title='bbox 893 743 983 786; x_wconf 91' lang='lat' dir='ltr'>curru</span> 
     </span>
    </p>

    <p class='ocr_par' dir='ltr' id='par_1_3' title="bbox 149 816 1122 1251">
     <span class='ocr_line' id='line_1_7' title="bbox 149 816 1012 896; baseline -0.001 -22"><span class='ocrx_word' id='word_1_39' title='bbox 149 826 182 875; x_wconf 78' lang='lat'>25</span> <span class='ocrx_word' id='word_1_40' title='bbox 203 821 304 875; x_wconf 91' lang='lat' dir='ltr'>suetus</span> <span class='ocrx_word' id='word_1_41' title='bbox 328 817 360 875; x_wconf 93' lang='lat' dir='ltr'>in</span> <span class='ocrx_word' id='word_1_42' title='bbox 383 816 507 875; x_wconf 92' lang='lat' dir='ltr'>attonita</span> <span class='ocrx_word' id='word_1_43' title='bbox 531 817 645 893; x_wconf 82' lang='lat' dir='ltr'>spargis</span> <span class='ocrx_word' id='word_1_44' title='bbox 669 816 728 875; x_wconf 93' lang='lat' dir='ltr'>cito</span> <span class='ocrx_word' id='word_1_45' title='bbox 752 822 835 893; x_wconf 91' lang='lat' dir='ltr'>terga</span> <span class='ocrx_word' id='word_1_46' title='bbox 859 832 1012 896; x_wconf 77' lang='lat' dir='ltr'>serenum3</span> 
     </span>
     <span class='ocr_line' id='line_1_8' title="bbox 201 902 950 982; baseline 0 -19"><span class='ocrx_word' id='word_1_47' title='bbox 201 911 337 963; x_wconf 90' lang='lat' dir='ltr'>umentes</span> <span class='ocrx_word' id='word_1_48' title='bbox 360 903 509 982; x_wconf 81' lang='lat' dir='ltr'><strong>Nymphas</strong></span> <span class='ocrx_word' id='word_1_49' title='bbox 532 902 645 963; x_wconf 87' lang='lat' dir='ltr'>Forous</span> <span class='ocrx_word' id='word_1_50' title='bbox 669 906 826 964; x_wconf 83' lang='lat' dir='ltr'><strong>comitatur</strong></span> <span class='ocrx_word' id='word_1_51' title='bbox 849 902 950 981; x_wconf 87' lang='lat' dir='ltr'>ibique</span> 
     </span>
     <span class='ocr_line' id='line_1_9' title="bbox 201 991 1122 1074; baseline 0.003 -24"><span class='ocrx_word' id='word_1_52' title='bbox 201 991 335 1072; x_wconf 90' lang='lat' dir='ltr'>glaucus,</span> <span class='ocrx_word' id='word_1_53' title='bbox 363 991 485 1072; x_wconf 83' lang='lat' dir='ltr'>Glauce,</span> <span class='ocrx_word' id='word_1_54' title='bbox 512 995 611 1073; x_wconf 92' lang='lat' dir='ltr'>venis,</span> <span class='ocrx_word' id='word_1_55' title='bbox 639 1000 738 1053; x_wconf 91' lang='lat' dir='ltr'>vatum</span> <span class='ocrx_word' id='word_1_56' title='bbox 762 999 792 1053; x_wconf 88' lang='lat' dir='ltr'>et</span> <span class='ocrx_word' id='word_1_57' title='bbox 815 995 980 1052; x_wconf 84' lang='lat' dir='ltr'>certissime</span> <span class='ocrx_word' id='word_1_58' title='bbox 1003 992 1122 1074; x_wconf 90' lang='lat' dir='ltr'>Proteu,</span> 
     </span>
     <span class='ocr_line' id='line_1_10' title="bbox 201 1081 991 1160; baseline 0.001 -20"><span class='ocrx_word' id='word_1_59' title='bbox 201 1089 301 1142; x_wconf 89' lang='lat' dir='ltr'>certus</span> <span class='ocrx_word' id='word_1_60' title='bbox 324 1099 399 1142; x_wconf 89' lang='lat' dir='ltr'>eras.</span> <span class='ocrx_word' id='word_1_61' title='bbox 445 1081 532 1159; x_wconf 91' lang='lat' dir='ltr'>longo</span> <span class='ocrx_word' id='word_1_62' title='bbox 556 1083 678 1142; x_wconf 90' lang='lat' dir='ltr'>veniunt</span> <span class='ocrx_word' id='word_1_63' title='bbox 700 1088 768 1160; x_wconf 91' lang='lat' dir='ltr'>post</span> <span class='ocrx_word' id='word_1_64' title='bbox 791 1081 894 1141; x_wconf 85' lang='lat' dir='ltr'>ordine</span> <span class='ocrx_word' id='word_1_65' title='bbox 918 1082 991 1141; x_wconf 90' lang='lat' dir='ltr'>divi:</span> 
     </span>
     <span class='ocr_line' id='line_1_11' title="bbox 201 1169 1036 1251; baseline 0.002 -22"><span class='ocrx_word' id='word_1_66' title='bbox 201 1172 376 1248; x_wconf 92' lang='lat' dir='ltr'>pampineus</span> <span class='ocrx_word' id='word_1_67' title='bbox 399 1169 502 1250; x_wconf 92' lang='lat' dir='ltr'>Liber,</span> <span class='ocrx_word' id='word_1_68' title='bbox 525 1169 602 1231; x_wconf 87' lang='lat' dir='ltr'>Mars</span> <span class='ocrx_word' id='word_1_69' title='bbox 625 1177 708 1251; x_wconf 86' lang='lat' dir='ltr'>trux,</span> <span class='ocrx_word' id='word_1_70' title='bbox 731 1170 903 1250; x_wconf 83' lang='lat' dir='ltr'>Tirynthius</span> <span class='ocrx_word' id='word_1_71' title='bbox 927 1170 1036 1251; x_wconf 89' lang='lat' dir='ltr'>hirtus,</span> 
     </span>
    </p>

    <p class='ocr_par' dir='ltr' id='par_1_4' title="bbox 147 1258 1107 1676">
     <span class='ocr_line' id='line_1_12' title="bbox 147 1258 1009 1340; baseline 0.001 -22"><span class='ocrx_word' id='word_1_72' title='bbox 147 1271 182 1319; x_wconf 82' lang='lat'>30</span> <span class='ocrx_word' id='word_1_73' title='bbox 201 1259 279 1319; x_wconf 92' lang='lat' dir='ltr'>nuda</span> <span class='ocrx_word' id='word_1_74' title='bbox 302 1259 414 1338; x_wconf 77' lang='lat' dir='ltr'>VenuS,</span> <span class='ocrx_word' id='word_1_75' title='bbox 438 1259 563 1319; x_wconf 84' lang='lat' dir='ltr'>secunda</span> <span class='ocrx_word' id='word_1_76' title='bbox 587 1259 690 1340; x_wconf 84' lang='lat' dir='ltr'>Ceres,</span> <span class='ocrx_word' id='word_1_77' title='bbox 713 1259 881 1337; x_wconf 90' lang='lat' dir='ltr'>pharetrata</span> <span class='ocrx_word' id='word_1_78' title='bbox 905 1258 1009 1340; x_wconf 85' lang='lat' dir='ltr'>Diana,</span> 
     </span>
     <span class='ocr_line' id='line_1_13' title="bbox 201 1346 978 1429; baseline 0.003 -23"><span class='ocrx_word' id='word_1_79' title='bbox 201 1346 273 1408; x_wconf 92' lang='lat' dir='ltr'>luno</span> <span class='ocrx_word' id='word_1_80' title='bbox 297 1349 408 1428; x_wconf 88' lang='lat' dir='ltr'>gravis,</span> <span class='ocrx_word' id='word_1_81' title='bbox 430 1347 562 1426; x_wconf 89' lang='lat' dir='ltr'>prudens</span> <span class='ocrx_word' id='word_1_82' title='bbox 584 1347 695 1428; x_wconf 92' lang='lat' dir='ltr'>Pallas,</span> <span class='ocrx_word' id='word_1_83' title='bbox 717 1351 824 1408; x_wconf 88' lang='lat' dir='ltr'>turrita</span> <span class='ocrx_word' id='word_1_84' title='bbox 848 1347 978 1429; x_wconf 77' lang='lat' dir='ltr'>Cybebe,</span> 
     </span>
     <span class='ocr_line' id='line_1_14' title="bbox 203 1434 1107 1519; baseline 0.002 -23"><span class='ocrx_word' id='word_1_85' title='bbox 203 1436 348 1497; x_wconf 87' lang='lat' dir='ltr'>Saturnus</span> <span class='ocrx_word' id='word_1_86' title='bbox 371 1437 528 1516; x_wconf 85' lang='lat' dir='ltr'>profugus,</span> <span class='ocrx_word' id='word_1_87' title='bbox 551 1455 622 1515; x_wconf 82' lang='lat' dir='ltr'>vaga</span> <span class='ocrx_word' id='word_1_88' title='bbox 646 1436 783 1517; x_wconf 83' lang='lat' dir='ltr'>Cynthia,</span> <span class='ocrx_word' id='word_1_89' title='bbox 805 1434 943 1497; x_wconf 92' lang='lat' dir='ltr'>Phoebus</span> <span class='ocrx_word' id='word_1_90' title='bbox 967 1437 1107 1519; x_wconf 91' lang='lat' dir='ltr'>ephebus,</span> 
     </span>
     <span class='ocr_line' id='line_1_15' title="bbox 201 1524 987 1606; baseline 0.003 -22"><span class='ocrx_word' id='word_1_91' title='bbox 201 1525 262 1585; x_wconf 93' lang='lat' dir='ltr'>Pan</span> <span class='ocrx_word' id='word_1_92' title='bbox 285 1525 426 1606; x_wconf 75' lang='lat' dir='ltr'>pavidae,</span> <span class='ocrx_word' id='word_1_93' title='bbox 449 1524 544 1586; x_wconf 86' lang='lat' dir='ltr'>Fauni</span> <span class='ocrx_word' id='word_1_94' title='bbox 567 1525 669 1606; x_wconf 85' lang='lat' dir='ltr'>rigidi,</span> <span class='ocrx_word' id='word_1_95' title='bbox 693 1526 790 1605; x_wconf 88' lang='lat' dir='ltr'>Satyri</span> <span class='ocrx_word' id='word_1_96' title='bbox 812 1526 987 1605; x_wconf 83' lang='lat' dir='ltr'>petulantes</span> 
     </span>
     <span class='ocr_line' id='line_1_16' title="bbox 203 1614 921 1676; baseline 0 -2"><span class='ocrx_word' id='word_1_97' title='bbox 203 1632 367 1674; x_wconf 83' lang='lat' dir='ltr'>convenere</span> <span class='ocrx_word' id='word_1_98' title='bbox 391 1617 481 1674; x_wconf 90' lang='lat' dir='ltr'>etiam</span> <span class='ocrx_word' id='word_1_99' title='bbox 504 1614 616 1676; x_wconf 91' lang='lat' dir='ltr'>caelum</span> <span class='ocrx_word' id='word_1_100' title='bbox 640 1617 749 1674; x_wconf 83' lang='lat' dir='ltr'>virtute</span> <span class='ocrx_word' id='word_1_101' title='bbox 771 1621 921 1674; x_wconf 87' lang='lat' dir='ltr'>tenentes:</span> 
     </span>
    </p>

    <p class='ocr_par' dir='ltr' id='par_1_5' title="bbox 150 1699 1092 2140">
     <span class='ocr_line' id='line_1_17' title="bbox 150 1699 1092 1784; baseline 0.001 -22"><span class='ocrx_word' id='word_1_102' title='bbox 150 1714 184 1763; x_wconf 81' lang='lat'>35</span> <span class='ocrx_word' id='word_1_103' title='bbox 204 1701 308 1763; x_wconf 88' lang='lat' dir='ltr'>Castor</span> <span class='ocrx_word' id='word_1_104' title='bbox 331 1722 422 1784; x_wconf 93' lang='lat' dir='ltr'>equo,</span> <span class='ocrx_word' id='word_1_105' title='bbox 444 1702 547 1764; x_wconf 85' lang='lat' dir='ltr'>Pollux</span> <span class='ocrx_word' id='word_1_106' title='bbox 571 1709 685 1784; x_wconf 90' lang='lat' dir='ltr'>caestu,</span> <span class='ocrx_word' id='word_1_107' title='bbox 708 1699 815 1783; x_wconf 84' lang='lat' dir='ltr'>&lt;tum&gt;</span> <span class='ocrx_word' id='word_1_108' title='bbox 837 1702 964 1764; x_wconf 90' lang='lat' dir='ltr'>Perseus</span> <span class='ocrx_word' id='word_1_109' title='bbox 987 1704 1092 1783; x_wconf 88' lang='lat' dir='ltr'>harpe,</span> 
     </span>
     <span class='ocr_line' id='line_1_18' title="bbox 203 1791 1031 1873; baseline -0.001 -22"><span class='ocrx_word' id='word_1_110' title='bbox 203 1791 327 1852; x_wconf 87' lang='lat' dir='ltr'>fulmine</span> <span class='ocrx_word' id='word_1_111' title='bbox 350 1792 511 1873; x_wconf 76' lang='lat' dir='ltr'>Videanus,</span> <span class='ocrx_word' id='word_1_112' title='bbox 534 1793 644 1872; x_wconf 86' lang='lat' dir='ltr'>Tiphys</span> <span class='ocrx_word' id='word_1_113' title='bbox 668 1801 744 1871; x_wconf 88' lang='lat' dir='ltr'>rate,</span> <span class='ocrx_word' id='word_1_114' title='bbox 768 1799 855 1870; x_wconf 90' lang='lat' dir='ltr'>gente</span> <span class='ocrx_word' id='word_1_115' title='bbox 879 1791 1031 1862; x_wconf 85' lang='lat' dir='ltr'>Quirinus.</span> 
     </span>
     <span class='ocr_line' id='line_1_19' title="bbox 203 1880 961 1962; baseline 0 -22"><span class='ocrx_word' id='word_1_116' title='bbox 203 1882 269 1958; x_wconf 93' lang='lat' dir='ltr'>quis</span> <span class='ocrx_word' id='word_1_117' title='bbox 293 1888 378 1942; x_wconf 91' lang='lat' dir='ltr'>canat</span> <span class='ocrx_word' id='word_1_118' title='bbox 400 1882 448 1941; x_wconf 93' lang='lat' dir='ltr'>hic</span> <span class='ocrx_word' id='word_1_119' title='bbox 472 1881 568 1942; x_wconf 90' lang='lat' dir='ltr'>aulam</span> <span class='ocrx_word' id='word_1_120' title='bbox 591 1881 678 1962; x_wconf 91' lang='lat' dir='ltr'>caeli,</span> <span class='ocrx_word' id='word_1_121' title='bbox 701 1880 852 1941; x_wconf 88' lang='lat' dir='ltr'>rutilantia</span> <span class='ocrx_word' id='word_1_122' title='bbox 876 1883 961 1941; x_wconf 91' lang='lat' dir='ltr'>cuius</span> 
     </span>
     <span class='ocr_line' id='line_1_20' title="bbox 203 1966 1050 2048; baseline 0.002 -21"><span class='ocrx_word' id='word_1_123' title='bbox 203 1971 267 2047; x_wconf 94' lang='lat' dir='ltr'>ipsa</span> <span class='ocrx_word' id='word_1_124' title='bbox 290 1971 490 2047; x_wconf 89' lang='lat' dir='ltr'>pavimentum</span> <span class='ocrx_word' id='word_1_125' title='bbox 515 1977 584 2031; x_wconf 92' lang='lat' dir='ltr'>sunt</span> <span class='ocrx_word' id='word_1_126' title='bbox 607 1966 727 2031; x_wconf 81' lang='lat' dir='ltr'>sidera?</span> <span class='ocrx_word' id='word_1_127' title='bbox 771 1972 830 2030; x_wconf 93' lang='lat' dir='ltr'>iam</span> <span class='ocrx_word' id='word_1_128' title='bbox 853 1977 938 2048; x_wconf 90' lang='lat' dir='ltr'>pater</span> <span class='ocrx_word' id='word_1_129' title='bbox 961 1987 1050 2030; x_wconf 88' lang='lat' dir='ltr'>aureo</span> 
     </span>
     <span class='ocr_line' id='line_1_21' title="bbox 202 2057 913 2140; baseline 0.001 -23"><span class='ocrx_word' id='word_1_130' title='bbox 202 2057 380 2136; x_wconf 91' lang='lat' dir='ltr'>tranquillus</span> <span class='ocrx_word' id='word_1_131' title='bbox 404 2077 469 2119; x_wconf 92' lang='lat' dir='ltr'>sese</span> <span class='ocrx_word' id='word_1_132' title='bbox 494 2059 568 2119; x_wconf 89' lang='lat' dir='ltr'>solio</span> <span class='ocrx_word' id='word_1_133' title='bbox 592 2059 682 2140; x_wconf 91' lang='lat' dir='ltr'>locat,</span> <span class='ocrx_word' id='word_1_134' title='bbox 704 2058 773 2120; x_wconf 91' lang='lat' dir='ltr'>inde</span> <span class='ocrx_word' id='word_1_135' title='bbox 796 2060 913 2138; x_wconf 91' lang='lat' dir='ltr'>priores</span> 
     </span>
    </p>

    <p class='ocr_par' dir='ltr' id='par_1_6' title="bbox 149 2141 1085 2493">
     <span class='ocr_line' id='line_1_22' title="bbox 149 2141 952 2230; baseline 0 -24"><span class='ocrx_word' id='word_1_136' title='bbox 149 2158 183 2208; x_wconf 92' lang='lat'>40</span> <span class='ocrx_word' id='word_1_137' title='bbox 204 2147 365 2207; x_wconf 90' lang='lat' dir='ltr'>consedere</span> <span class='ocrx_word' id='word_1_138' title='bbox 390 2148 438 2207; x_wconf 93' lang='lat' dir='ltr'>dei</span> <span class='ocrx_word' id='word_1_139' title='bbox 461 2141 574 2230; x_wconf 80' lang='lat' dir='ltr'>(lluviis</span> <span class='ocrx_word' id='word_1_140' title='bbox 598 2166 716 2227; x_wconf 92' lang='lat' dir='ltr'>quoque</span> <span class='ocrx_word' id='word_1_141' title='bbox 740 2150 865 2225; x_wconf 88' lang='lat' dir='ltr'>contigit</span> <span class='ocrx_word' id='word_1_142' title='bbox 888 2146 952 2228; x_wconf 93' lang='lat' dir='ltr'>illo,</span> 
     </span>
     <span class='ocr_line' id='line_1_23' title="bbox 203 2235 1030 2317; baseline 0.002 -23"><span class='ocrx_word' id='word_1_143' title='bbox 203 2235 255 2295; x_wconf 92' lang='lat' dir='ltr'>sed</span> <span class='ocrx_word' id='word_1_144' title='bbox 280 2235 415 2315; x_wconf 91' lang='lat' dir='ltr'>senibus,</span> <span class='ocrx_word' id='word_1_145' title='bbox 438 2235 570 2296; x_wconf 89' lang='lat' dir='ltr'>residere</span> <span class='ocrx_word' id='word_1_146' title='bbox 594 2236 673 2317; x_wconf 89' lang='lat' dir='ltr'>loeo,</span> <span class='ocrx_word' id='word_1_147' title='bbox 696 2237 764 2317; x_wconf 88' lang='lat' dir='ltr'>tibi,</span> <span class='ocrx_word' id='word_1_148' title='bbox 786 2239 913 2297; x_wconf 86' lang='lat' dir='ltr'>maxime</span> <span class='ocrx_word' id='word_1_149' title='bbox 936 2237 1030 2297; x_wconf 92' lang='lat' dir='ltr'>lluctu</span> 
     </span>
     <span class='ocr_line' id='line_1_24' title="bbox 201 2323 992 2405; baseline 0.003 -22"><span class='ocrx_word' id='word_1_150' title='bbox 201 2323 329 2385; x_wconf 88' lang='lat' dir='ltr'>Eridane</span> <span class='ocrx_word' id='word_1_151' title='bbox 353 2331 384 2384; x_wconf 93' lang='lat' dir='ltr'>et</span> <span class='ocrx_word' id='word_1_152' title='bbox 406 2325 489 2384; x_wconf 89' lang='lat' dir='ltr'>ssavis</span> <span class='ocrx_word' id='word_1_153' title='bbox 511 2326 543 2384; x_wconf 92' lang='lat' dir='ltr'>in</span> <span class='ocrx_word' id='word_1_154' title='bbox 565 2324 671 2403; x_wconf 92' lang='lat' dir='ltr'>pocula</span> <span class='ocrx_word' id='word_1_155' title='bbox 694 2326 785 2386; x_wconf 85' lang='lat' dir='ltr'>lraete</span> <span class='ocrx_word' id='word_1_156' title='bbox 809 2324 992 2405; x_wconf 89' lang='lat' dir='ltr'>Sygambris,</span> 
     </span>
     <span class='ocr_line' id='line_1_25' title="bbox 203 2412 1085 2493; baseline 0.002 -21"><span class='ocrx_word' id='word_1_157' title='bbox 203 2412 304 2473; x_wconf 87' lang='lat' dir='ltr'>Rhene</span> <span class='ocrx_word' id='word_1_158' title='bbox 328 2421 458 2493; x_wconf 90' lang='lat' dir='ltr'>tumens,</span> <span class='ocrx_word' id='word_1_159' title='bbox 482 2412 676 2493; x_wconf 86' lang='lat' dir='ltr'>Scythiaeque</span> <span class='ocrx_word' id='word_1_160' title='bbox 700 2417 781 2492; x_wconf 87' lang='lat' dir='ltr'>vagis</span> <span class='ocrx_word' id='word_1_161' title='bbox 805 2417 935 2493; x_wconf 91' lang='lat' dir='ltr'>equitate</span> <span class='ocrx_word' id='word_1_162' title='bbox 960 2415 1085 2474; x_wconf 84' lang='lat' dir='ltr'>catervis</span> 
     </span>
    </p>
   </div>
   <div class='ocr_carea' id='block_1_3' title="bbox 152 2496 1063 3116">
    <p class='ocr_par' dir='ltr' id='par_1_7' title="bbox 152 2496 1059 2670">
     <span class='ocr_line' id='line_1_26' title="bbox 203 2496 1059 2586; baseline 0.002 -25"><span class='ocrx_word' id='word_1_163' title='bbox 203 2501 304 2562; x_wconf 90' lang='lat' dir='ltr'>Hister</span> <span class='ocrx_word' id='word_1_164' title='bbox 328 2509 356 2562; x_wconf 95' lang='lat' dir='ltr'>et</span> <span class='ocrx_word' id='word_1_165' title='bbox 380 2505 513 2580; x_wconf 90' lang='lat' dir='ltr'>ignotum</span> <span class='ocrx_word' id='word_1_166' title='bbox 536 2502 603 2581; x_wconf 92' lang='lat' dir='ltr'>plus</span> <span class='ocrx_word' id='word_1_167' title='bbox 627 2510 729 2583; x_wconf 80' lang='lat' dir='ltr'>notua,</span> <span class='ocrx_word' id='word_1_168' title='bbox 752 2501 833 2583; x_wconf 89' lang='lat' dir='ltr'>Nile,</span> <span class='ocrx_word' id='word_1_169' title='bbox 855 2521 910 2581; x_wconf 84' lang='lat' dir='ltr'>per</span> <span class='ocrx_word' id='word_1_170' title='bbox 933 2496 1059 2586; x_wconf 91' lang='lat' dir='ltr'>ortum):</span> 
     </span>
     <span class='ocr_line' id='line_1_27' title="bbox 152 2590 946 2670; baseline 0.001 -20"><span class='ocrx_word' id='word_1_171' title='bbox 152 2603 186 2650; x_wconf 80' lang='lat'>45</span> <span class='ocrx_word' id='word_1_172' title='bbox 207 2608 274 2652; x_wconf 92' lang='lat' dir='ltr'>cum</span> <span class='ocrx_word' id='word_1_173' title='bbox 297 2591 400 2669; x_wconf 91' lang='lat' dir='ltr'>procul</span> <span class='ocrx_word' id='word_1_174' title='bbox 424 2598 522 2652; x_wconf 92' lang='lat' dir='ltr'>erecta</span> <span class='ocrx_word' id='word_1_175' title='bbox 546 2590 621 2652; x_wconf 92' lang='lat' dir='ltr'>caeli</span> <span class='ocrx_word' id='word_1_176' title='bbox 644 2591 680 2650; x_wconf 95' lang='lat' dir='ltr'>de</span> <span class='ocrx_word' id='word_1_177' title='bbox 703 2597 787 2670; x_wconf 89' lang='lat' dir='ltr'>parte</span> <span class='ocrx_word' id='word_1_178' title='bbox 811 2590 946 2651; x_wconf 88' lang='lat' dir='ltr'>trahebat</span> 
     </span>
    </p>

    <p class='ocr_par' dir='ltr' id='par_1_8' title="bbox 206 2678 942 2760">
     <span class='ocr_line' id='line_1_28' title="bbox 206 2678 942 2760; baseline -0.001 -22"><span class='ocrx_word' id='word_1_179' title='bbox 206 2681 307 2758; x_wconf 90' lang='lat' dir='ltr'>pigros</span> <span class='ocrx_word' id='word_1_180' title='bbox 330 2679 423 2740; x_wconf 88' lang='lat' dir='ltr'>Roma</span> <span class='ocrx_word' id='word_1_181' title='bbox 445 2680 566 2760; x_wconf 76' lang='lat' dir='ltr'>graduS,</span> <span class='ocrx_word' id='word_1_182' title='bbox 590 2687 710 2740; x_wconf 87' lang='lat' dir='ltr'>curvato</span> <span class='ocrx_word' id='word_1_183' title='bbox 734 2697 844 2740; x_wconf 88' lang='lat' dir='ltr'>cernua</span> <span class='ocrx_word' id='word_1_184' title='bbox 867 2678 942 2739; x_wconf 92' lang='lat' dir='ltr'>collo</span> 
     </span>
    </p>

    <p class='ocr_par' dir='ltr' id='par_1_9' title="bbox 205 2768 967 2849">
     <span class='ocr_line' id='line_1_29' title="bbox 205 2768 967 2849; baseline -0.001 -22"><span class='ocrx_word' id='word_1_185' title='bbox 205 2786 256 2828; x_wconf 89' lang='lat' dir='ltr'>ora</span> <span class='ocrx_word' id='word_1_186' title='bbox 280 2768 393 2849; x_wconf 90' lang='lat' dir='ltr'>lerens;</span> <span class='ocrx_word' id='word_1_187' title='bbox 416 2769 548 2848; x_wconf 90' lang='lat' dir='ltr'>pendent</span> <span class='ocrx_word' id='word_1_188' title='bbox 570 2771 668 2829; x_wconf 91' lang='lat' dir='ltr'>crines</span> <span class='ocrx_word' id='word_1_189' title='bbox 693 2769 728 2828; x_wconf 92' lang='lat' dir='ltr'>de</span> <span class='ocrx_word' id='word_1_190' title='bbox 748 2769 873 2848; x_wconf 88' lang='lat' dir='ltr'>vertice,</span> <span class='ocrx_word' id='word_1_191' title='bbox 895 2769 967 2827; x_wconf 90' lang='lat' dir='ltr'>tecti</span> 
     </span>
    </p>

    <p class='ocr_par' dir='ltr' id='par_1_10' title="bbox 204 2856 1042 2939">
     <span class='ocr_line' id='line_1_30' title="bbox 204 2856 1042 2939; baseline 0.001 -23"><span class='ocrx_word' id='word_1_192' title='bbox 204 2856 338 2938; x_wconf 84' lang='lat' dir='ltr'>pulvere,</span> <span class='ocrx_word' id='word_1_193' title='bbox 362 2876 421 2917; x_wconf 93' lang='lat' dir='ltr'>non</span> <span class='ocrx_word' id='word_1_194' title='bbox 445 2857 539 2939; x_wconf 89' lang='lat' dir='ltr'>galea,</span> <span class='ocrx_word' id='word_1_195' title='bbox 563 2857 734 2936; x_wconf 91' lang='lat' dir='ltr'>clipeusque</span> <span class='ocrx_word' id='word_1_196' title='bbox 758 2858 923 2935; x_wconf 88' lang='lat' dir='ltr'>inpingitur</span> <span class='ocrx_word' id='word_1_197' title='bbox 946 2859 1042 2934; x_wconf 91' lang='lat' dir='ltr'>aegris</span> 
     </span>
    </p>

    <p class='ocr_par' dir='ltr' id='par_1_11' title="bbox 153 2945 1063 3116">
     <span class='ocr_line' id='line_1_31' title="bbox 204 2945 1063 3027; baseline 0.002 -22"><span class='ocrx_word' id='word_1_198' title='bbox 204 2945 371 3025; x_wconf 89' lang='lat' dir='ltr'>gressibus,</span> <span class='ocrx_word' id='word_1_199' title='bbox 394 2953 423 3006; x_wconf 92' lang='lat' dir='ltr'>et</span> <span class='ocrx_word' id='word_1_200' title='bbox 446 2946 575 3027; x_wconf 90' lang='lat' dir='ltr'>pondus,</span> <span class='ocrx_word' id='word_1_201' title='bbox 598 2965 658 3006; x_wconf 96' lang='lat' dir='ltr'>non</span> <span class='ocrx_word' id='word_1_202' title='bbox 680 2953 779 3006; x_wconf 91' lang='lat' dir='ltr'>terror</span> <span class='ocrx_word' id='word_1_203' title='bbox 801 2946 896 3006; x_wconf 86' lang='lat' dir='ltr'>lertur</span> <span class='ocrx_word' id='word_1_204' title='bbox 919 2946 950 3004; x_wconf 90' lang='lat' dir='ltr'>in</span> <span class='ocrx_word' id='word_1_205' title='bbox 972 2945 1063 3007; x_wconf 91' lang='lat' dir='ltr'>hasta.</span> 
     </span>
     <span class='ocr_line' id='line_1_32' title="bbox 153 3034 1036 3116; baseline -0.002 -20"><span class='ocrx_word' id='word_1_206' title='bbox 153 3048 186 3096; x_wconf 79' lang='lat' dir='ltr'>oo</span> <span class='ocrx_word' id='word_1_207' title='bbox 207 3042 297 3113; x_wconf 90' lang='lat' dir='ltr'>utque</span> <span class='ocrx_word' id='word_1_208' title='bbox 320 3037 363 3114; x_wconf 92' lang='lat' dir='ltr'>pii</span> <span class='ocrx_word' id='word_1_209' title='bbox 386 3035 511 3113; x_wconf 90' lang='lat' dir='ltr'>genibus</span> <span class='ocrx_word' id='word_1_210' title='bbox 534 3038 665 3114; x_wconf 91' lang='lat' dir='ltr'>primum</span> <span class='ocrx_word' id='word_1_211' title='bbox 687 3041 734 3094; x_wconf 92' lang='lat' dir='ltr'>est</span> <span class='ocrx_word' id='word_1_212' title='bbox 756 3034 857 3094; x_wconf 86' lang='lat' dir='ltr'>adfusa</span> <span class='ocrx_word' id='word_1_213' title='bbox 880 3034 1036 3116; x_wconf 92' lang='lat' dir='ltr'>Tonantis,</span> 
     </span>
    </p>
   </div>
   <div class='ocr_carea' id='block_1_4' title="bbox 5 3222 1130 3650">
    <p class='ocr_par' dir='ltr' id='par_1_12' title="bbox 5 3222 1130 3650">
     <span class='ocr_line' id='line_1_33' title="bbox 5 3222 1126 3295; baseline 0.003 -19"><span class='ocrx_word' id='word_1_214' title='bbox 5 3249 7 3260; x_wconf 49' lang='lat' dir='ltr'>v</span> <span class='ocrx_word' id='word_1_215' title='bbox 186 3228 220 3276; x_wconf 91' lang='grc'>20</span> <span class='ocrx_word' id='word_1_216' title='bbox 234 3222 374 3293; x_wconf 82' lang='lat' dir='ltr'>tegeticus</span> <span class='ocrx_word' id='word_1_217' title='bbox 384 3225 461 3280; x_wconf 83' lang='lat' dir='ltr'>codd.</span> <span class='ocrx_word' id='word_1_218' title='bbox 472 3223 475 3295; x_wconf 77' lang='lat' dir='ltr'>l</span> <span class='ocrx_word' id='word_1_219' title='bbox 488 3223 547 3277; x_wconf 86' lang='lat' dir='ltr'>ales</span> <span class='ocrx_word' id='word_1_220' title='bbox 557 3225 742 3294; x_wconf 79' lang='lat' dir='ltr'>Bitschofrlny,</span> <span class='ocrx_word' id='word_1_221' title='bbox 756 3222 854 3277; x_wconf 84' lang='lat' dir='ltr'>archas</span> <span class='ocrx_word' id='word_1_222' title='bbox 865 3223 941 3278; x_wconf 82' lang='lat' dir='ltr'>codd.</span> <span class='ocrx_word' id='word_1_223' title='bbox 955 3225 965 3291; x_wconf 85' lang='grc' dir='ltr'>ΙΙ</span> <span class='ocrx_word' id='word_1_224' title='bbox 979 3228 1011 3276; x_wconf 88' lang='grc'>21</span> <span class='ocrx_word' id='word_1_225' title='bbox 1028 3222 1126 3279; x_wconf 87' lang='lat' dir='ltr'>fronde</span> 
     </span>
     <span class='ocr_line' id='line_1_34' title="bbox 5 3269 1127 3366; baseline 0.002 -18"><span class='ocrx_word' id='word_1_226' title='bbox 5 3269 7 3357; x_wconf 76' lang='lat' dir='ltr'>l</span> <span class='ocrx_word' id='word_1_227' title='bbox 118 3293 253 3364; x_wconf 74' lang='lat' dir='ltr'>OPTFy</span> <span class='ocrx_word' id='word_1_228' title='bbox 267 3300 300 3348; x_wconf 93' lang='grc'>22</span> <span class='ocrx_word' id='word_1_229' title='bbox 320 3295 354 3362; x_wconf 78' lang='lat' dir='ltr'>cf.</span> <span class='ocrx_word' id='word_1_230' title='bbox 379 3295 457 3366; x_wconf 74' lang='lat' dir='ltr'>Verp.</span> <span class='ocrx_word' id='word_1_231' title='bbox 476 3295 546 3350; x_wconf 82' lang='lat' dir='ltr'>Aen.</span> <span class='ocrx_word' id='word_1_232' title='bbox 565 3295 620 3363; x_wconf 86' lang='lat' dir='ltr'>IV,</span> <span class='ocrx_word' id='word_1_233' title='bbox 633 3299 692 3350; x_wconf 81' lang='lat'>258</span> <span class='ocrx_word' id='word_1_234' title='bbox 710 3297 838 3348; x_wconf 83' lang='lat' dir='ltr'>materno</span> <span class='ocrx_word' id='word_1_235' title='bbox 856 3293 972 3349; x_wconf 81' lang='lat' dir='ltr'>veniens</span> <span class='ocrx_word' id='word_1_236' title='bbox 990 3293 1027 3348; x_wconf 87' lang='lat' dir='ltr'>ab</span> <span class='ocrx_word' id='word_1_237' title='bbox 1046 3313 1099 3350; x_wconf 86' lang='lat' dir='ltr'>avo</span> <span class='ocrx_word' id='word_1_238' title='bbox 1117 3295 1127 3366; x_wconf 80' lang='lat' dir='ltr'>ll</span> 
     </span>
     <span class='ocr_line' id='line_1_35' title="bbox 116 3364 1130 3437; baseline 0.002 -18"><span class='ocrx_word' id='word_1_239' title='bbox 116 3370 149 3419; x_wconf 87' lang='grc'>24</span> <span class='ocrx_word' id='word_1_240' title='bbox 159 3381 240 3419; x_wconf 83' lang='lat' dir='ltr'>eursu</span> <span class='ocrx_word' id='word_1_241' title='bbox 248 3365 281 3432; x_wconf 90' lang='lat' dir='ltr'>P,</span> <span class='ocrx_word' id='word_1_242' title='bbox 293 3382 377 3420; x_wconf 86' lang='lat' dir='ltr'>curro</span> <span class='ocrx_word' id='word_1_243' title='bbox 385 3366 440 3435; x_wconf 77' lang='lat'>44¹,</span> <span class='ocrx_word' id='word_1_244' title='bbox 451 3383 531 3421; x_wconf 85' lang='lat' dir='ltr'>curro</span> <span class='ocrx_word' id='word_1_245' title='bbox 539 3366 577 3420; x_wconf 87' lang='lat' dir='ltr'><em>M</em></span> <span class='ocrx_word' id='word_1_246' title='bbox 578 3366 643 3437; x_wconf 63' lang='grc'><strong>’1131</strong></span> <span class='ocrx_word' id='word_1_247' title='bbox 653 3365 812 3435; x_wconf 83' lang='lat' dir='ltr'>cybebesP,</span> <span class='ocrx_word' id='word_1_248' title='bbox 823 3364 934 3434; x_wconf 85' lang='lat' dir='ltr'>cybeles</span> <span class='ocrx_word' id='word_1_249' title='bbox 943 3364 1130 3436; x_wconf 80' lang='lat' dir='ltr'>(eibeles)GT</span> 
     </span>
     <span class='ocr_line' id='line_1_36' title="bbox 119 3435 1127 3510; baseline 0.001 -19"><span class='ocrx_word' id='word_1_250' title='bbox 119 3436 153 3506; x_wconf 85' lang='lat' dir='ltr'>F,</span> <span class='ocrx_word' id='word_1_251' title='bbox 173 3435 262 3490; x_wconf 88' lang='lat' dir='ltr'>cibele</span> <span class='ocrx_word' id='word_1_252' title='bbox 281 3437 319 3491; x_wconf 90' lang='lat' dir='ltr'><strong><em>M</em></strong></span> <span class='ocrx_word' id='word_1_253' title='bbox 329 3441 338 3506; x_wconf 89' lang='grc' dir='ltr'>ΙΙ</span> <span class='ocrx_word' id='word_1_254' title='bbox 352 3444 386 3492; x_wconf 81' lang='grc'>35</span> <span class='ocrx_word' id='word_1_255' title='bbox 404 3436 508 3510; x_wconf 81' lang='lat' dir='ltr'>&lt;tum&gt;</span> <span class='ocrx_word' id='word_1_256' title='bbox 527 3436 643 3491; x_wconf 88' lang='lat' dir='ltr'>Perseus</span> <span class='ocrx_word' id='word_1_257' title='bbox 662 3455 718 3506; x_wconf 81' lang='lat' dir='ltr'>epo,</span> <span class='ocrx_word' id='word_1_258' title='bbox 735 3436 864 3491; x_wconf 86' lang='lat' dir='ltr'>Perseius</span> <span class='ocrx_word' id='word_1_259' title='bbox 882 3438 958 3492; x_wconf 83' lang='lat' dir='ltr'>codd.</span> <span class='ocrx_word' id='word_1_260' title='bbox 975 3436 1127 3508; x_wconf 82' lang='lat' dir='ltr'>(Danaeius</span> 
     </span>
     <span class='ocr_line' id='line_1_37' title="bbox 116 3507 1124 3650; baseline 0.002 -88"><span class='ocrx_word' id='word_1_261' title='bbox 116 3508 413 3650; x_wconf 45' lang='lat' dir='ltr'>lblzamowmlyffpe</span> <span class='ocrx_word' id='word_1_262' title='bbox 433 3508 550 3564; x_wconf 80' lang='lat' dir='ltr'>TCPF</span> <span class='ocrx_word' id='word_1_263' title='bbox 563 3511 572 3579; x_wconf 86' lang='grc' dir='ltr'>ΙΙ</span> <span class='ocrx_word' id='word_1_264' title='bbox 585 3514 620 3563; x_wconf 88' lang='grc'>44</span> <span class='ocrx_word' id='word_1_265' title='bbox 638 3510 704 3563; x_wconf 86' lang='lat' dir='ltr'>note</span> <span class='ocrx_word' id='word_1_266' title='bbox 722 3508 786 3578; x_wconf 78' lang='lat' dir='ltr'>plur</span> <span class='ocrx_word' id='word_1_267' title='bbox 805 3508 861 3564; x_wconf 86' lang='lat' dir='ltr'>Leo</span> <span class='ocrx_word' id='word_1_268' title='bbox 882 3511 891 3578; x_wconf 77' lang='lat' dir='ltr'>ll</span> <span class='ocrx_word' id='word_1_269' title='bbox 911 3513 945 3563; x_wconf 74' lang='lat'>47</span> <span class='ocrx_word' id='word_1_270' title='bbox 965 3507 1055 3562; x_wconf 88' lang='lat' dir='ltr'>crines</span> <span class='ocrx_word' id='word_1_271' title='bbox 1074 3526 1124 3564; x_wconf 82' lang='lat' dir='ltr'>om.</span> 
     </span>
    </p>

    <p class='ocr_par' dir='ltr' id='par_1_13' title="bbox 165 3578 291 3650">
     <span class='ocr_line' id='line_1_38' title="bbox 165 3578 291 3650; baseline 0 -16"><span class='ocrx_word' id='word_1_272' title='bbox 165 3583 218 3649; x_wconf 77' lang='grc' dir='ltr'>Ιόθ</span> <span class='ocrx_word' id='word_1_273' title='bbox 236 3578 291 3650; x_wconf 79' lang='lat' dir='ltr'>piis</span> 
     </span>
    </p>
   </div>
   <div class='ocr_carea' id='block_1_5' title="bbox 0 0 1320 4034">
    <p class='ocr_par' dir='ltr' id='par_1_14' title="bbox 0 0 1320 4034">
     <span class='ocr_line' id='line_1_39' title="bbox 0 0 1320 4034; baseline 0 0"><span class='ocrx_word' id='word_1_274' title='bbox 0 0 1320 4034; x_wconf 95' lang='lat' dir='ltr'> </span> 
     </span>
    </p>
   </div>
  </div>
 </body>
</html>
