2610 4056
81 248 91 272 .
173 223 236 288 188
527 220 636 274 niune
655 189 828 275 ocrsvns.

172 376 198 433 si
221 372 344 451 pudorIs
367 373 463 432 nostri
481 371 604 431 fecisses
623 367 783 449 utcumque
803 369 962 450 rationem,
986 368 1192 448 Symmachia-
1300 390 1301 414 ¹

170 480 243 522 num
265 460 338 520 illnd
361 468 391 520 te
415 462 544 538 cogitare
567 477 621 537 par
643 459 753 519 fuerat:
785 464 823 519 nt
852 475 935 518 vera
965 457 1042 519 laus
1072 469 1192 543 ornat,

171 553 221 610 ita
244 549 332 610 falsa
356 551 517 628 castigat.
556 545 584 608 2.
609 566 667 626 qno
681 547 740 608 loci
753 553 852 608 tamen
867 549 892 606 si
906 549 1038 608 animum
1051 557 1190 611 vestrum

171 638 248 699 bene
267 640 383 720 metior,
402 656 492 717 super
511 638 658 718 affectum,
678 654 767 715 quem
786 638 947 696 maximum
966 637 1109 719 ostendiS,
1128 639 1190 700 hoc

145 735 204 788 stu
227 735 257 788 et
280 735 342 787 arte
366 727 471 787 fecisti.
508 743 577 787 nam
600 728 692 786 moris
715 732 761 785 est
784 723 991 804 eloquentibus
1010 729 1082 787 viris
1102 730 1191 808 inge-

171 819 290 877 niorum
308 815 475 876 facultatem
490 817 677 894 negotiorum
691 813 817 892 probare
832 813 1056 875 difficultatibus
1075 823 1105 876 et
1124 817 1191 878 illic

172 905 272 966 stilum
295 907 425 984 peritum
453 907 538 982 quasi
566 903 713 982 quendam
735 902 856 963 fecundi
878 906 1009 981 pectoris
1032 922 1189 966 vomerem

171 995 276 1076 figere,
298 993 352 1054 ubi
375 995 515 1054 materiae
540 991 650 1053 sterilis
678 998 885 1070 argumentum
911 991 992 1052 velut
1015 995 1096 1054 arida
1120 1014 1190 1056 cae·
1301 993 1302 1012 ¹

172 1086 258 1162 spitis
286 1084 379 1143 macri
410 1081 513 1160 glaeba
545 1083 666 1141 ieiunat.
713 1083 852 1141 scaturrit
882 1080 1010 1142 mundus
1038 1082 1192 1144 similibus

132 1190 157 1230 10
173 1171 330 1250 exemplis:
358 1171 491 1232 medicus
515 1173 547 1230 in
569 1170 789 1250 desperatione,
813 1168 993 1248 gubernator
1016 1173 1047 1230 in
1071 1179 1188 1253 tempe-

172 1268 246 1321 state
284 1262 485 1340 cognoscitur3
521 1259 628 1319 horum
665 1260 797 1319 omnium
833 1259 941 1319 famam
977 1255 1189 1338 praecedentia

171 1349 303 1428 pericula
318 1348 470 1428 extollunt,
489 1366 564 1427 qnae
578 1348 711 1426 prolecto
731 1346 887 1428 delitescit,
901 1349 961 1407 nisi
975 1346 1027 1408 ubi
1040 1349 1191 1427 probetur

171 1440 327 1498 invenerit.
373 1435 402 1499 3.
435 1440 479 1498 sic
506 1444 536 1498 et
564 1455 688 1515 magnus
717 1443 829 1516 orator,
858 1438 883 1496 si
905 1439 1058 1515 negotium
1082 1457 1189 1518 aggre-

172 1526 270 1587 diatur
307 1534 477 1607 angustum,
518 1534 589 1586 tunc
626 1525 756 1604 amplum
791 1523 979 1603 plausibilius
1016 1528 1190 1589 manifestat

131 1629 158 1672 rs
172 1617 331 1695 ingenium.
376 1615 494 1677 Marcus
524 1613 637 1675 Tullius
666 1616 698 1674 in
725 1613 891 1675 actionibus
922 1617 1030 1675 ceteris
1059 1624 1190 1698 ceteroS,

170 1724 225 1783 pro
248 1704 322 1765 Aulo
346 1703 481 1766 Cluentio
506 1706 569 1784 ipse
594 1722 625 1764 se
649 1705 732 1785 vicit3
754 1703 871 1764 Marcus
889 1702 1000 1764 Fronto
1024 1723 1092 1765 cum
1116 1705 1189 1766 reli-

171 1797 238 1873 quis
271 1793 455 1854 orationibus
488 1795 646 1873 emineret,
672 1794 704 1853 in
731 1791 871 1870 Pelopem
895 1810 926 1852 sc
951 1792 1009 1853 sibi
1030 1794 1191 1877 praetulit3

171 1882 261 1960 Gaius
289 1882 402 1943 Plinius
429 1900 484 1962 pro
513 1882 592 1942 Attia
618 1880 728 1942 Viriola
754 1880 821 1960 plus
850 1880 960 1959 gloriae
988 1882 1025 1942 de
1049 1890 1186 1944 centum-

170 1971 255 2032 virali
289 1978 430 2051 suggestu
462 1971 582 2031 domum
596 2040 597 2044 η
612 1970 739 2050 rettulit,
770 1989 858 2048 quam
887 1988 954 2030 cum
976 1970 1075 2032 Marco
1099 1971 1189 2053 Ulpio

131 2078 157 2117 no
171 2060 396 2141 incomparabili
427 2061 556 2139 principi
593 2058 821 2138 comparabilem
857 2061 1068 2139 panegyricum
1105 2061 1192 2123 dixit.

172 2148 202 2211 4.
234 2152 277 2209 sic
308 2156 338 2209 et
361 2151 425 2227 ipse
448 2148 559 2228 fecisti,
590 2149 655 2226 qui,
685 2147 755 2208 dum
784 2150 829 2208 vis
862 2165 1001 2208 exercerc
1030 2151 1190 2212 scientiam

172 2247 267 2317 tuam,
299 2255 358 2297 non
391 2239 503 2297 veritus
533 2253 566 2296 es
598 2236 661 2296 fore
693 2235 748 2296 tibi
772 2236 984 2316 impedimento
1003 2240 1093 2298 etiam
1116 2258 1188 2300 con-

174 2327 328 2386 scientiam
356 2343 460 2386 meam.
506 2327 578 2404 quin
605 2327 704 2404 potius
733 2325 925 2404 supplicando
958 2328 1032 2386 meis
1065 2327 1190 2390 medere

173 2414 364 2493 languoribus
388 2432 485 2493 neque
508 2432 563 2492 per
585 2413 755 2492 decipulum
773 2414 849 2474 male
872 2412 1050 2476 blandientis
1075 2416 1190 2496 eloquii
1293 2475 1299 2484 ‚

133 2521 160 2564 25
174 2505 354 2583 aegrotantis
373 2503 468 2564 adhuc
487 2505 601 2565 animae
621 2502 808 2582 fragilitatem
823 2503 933 2582 gloriae
953 2503 1041 2564 falsae
1055 2506 1191 2585 pondere

173 2611 300 2672 premas.
338 2610 409 2653 sane
428 2611 497 2652 cum
515 2591 570 2652 tibi
590 2609 726 2652 sermone
745 2590 868 2670 pulchro
887 2594 946 2652 vita
966 2595 1004 2653 sit
1021 2593 1188 2676 pulchrior,

172 2681 240 2762 plus
263 2681 336 2742 mihi
359 2681 504 2763 indulges,
528 2683 554 2741 si
578 2683 638 2741 mei
661 2699 748 2742 causa
772 2698 857 2741 orare
876 2683 976 2760 potius
999 2681 1072 2742 velis
1098 2701 1189 2762 quam

173 2789 322 2851 perorare.
364 2769 436 2830 vale.

652 2941 708 3008 XI.

395 3065 564 3121 SIDONIUS
583 3064 677 3120 LUPO
697 3063 766 3120 SUO
786 3063 965 3121 SALUTEM.

132 3198 159 3238 ao
242 3178 270 3242 1.
293 3179 370 3251 Quid
395 3186 485 3258 agunt
507 3178 706 3260 Nitiobroges,
729 3178 801 3257 quid
820 3178 980 3239 Vesunnici
1002 3181 1055 3258 tui,
1079 3178 1192 3258 quibus

173 3268 210 3329 de
240 3276 270 3329 te
299 3268 358 3330 sibi
385 3268 562 3330 altrinsecus
589 3268 766 3328 vindicando
790 3270 922 3328 nascitur
946 3285 1064 3346 semper
1088 3277 1192 3330 sancta

248 3446 261 3492 1
284 3438 306 3493 si
326 3455 376 3495 orn.
394 3439 418 3494 0
434 3440 443 3507 l
466 3447 481 3493 2
501 3438 595 3493 fuerat
613 3438 672 3492 ΕΤ
687 3444 714 3493 et
732 3441 813 3507 (corr.
832 3440 864 3492 iu
881 3437 968 3492 fuerit
986 3437 1087 3507 N¹)N,
1104 3437 1193 3494 fuerit

174 3507 196 3574 (i
215 3527 284 3565 corr.
303 3513 335 3565 iu
353 3527 370 3563 e
388 3510 517 3579 M¹)MO
535 3513 545 3578 ΙΙ
568 3515 603 3562 24
621 3508 783 3579 decipulum
801 3509 870 3576 LN,
890 3507 1050 3577 decipulam
1068 3511 1106 3565 M
1110 3509 1162 3566 CT
1179 3514 1189 3583 ΙΙ

174 3586 208 3634 25
227 3580 300 3635 falso
320 3582 357 3634 M
360 3581 382 3636 Ο
394 3585 403 3650 ΙΙ
417 3587 450 3636 27
469 3581 620 3650 indulgeas
640 3581 671 3635 F
682 3583 691 3650 ΙΙ
705 3585 739 3634 30
757 3579 933 3648 nisiobroges
952 3581 1052 3652 coddl
