2660 4030
199 212 261 277 128
564 208 673 264 umus
691 208 837 266 sexsus.

198 364 271 422 catis
295 361 430 438 receptui
453 376 572 438 canere3
600 364 630 418 et
652 357 817 436 euangelici
839 361 967 437 pastoris
991 361 1131 441 exemplo
1157 382 1228 425 uon

197 449 324 530 amplius
347 449 480 528 laetaris,
507 449 534 507 si
556 453 748 526 permaneant
771 449 848 527 sani,
872 466 959 526 quam
983 451 1095 510 sinon
1119 470 1228 514 rema-

198 545 288 599 neant
311 539 467 617 desperati.
504 544 534 596 te
558 553 639 617 ergo,
660 553 765 595 norma
787 554 913 616 morum,
935 545 975 618 te,
998 538 1139 602 columna
1159 545 1227 602 vir-

198 634 305 707 tutum,
328 634 366 707 te,
386 628 412 685 si
430 624 559 686 blandiri
578 627 638 685 reis
657 624 736 704 licet,
758 642 837 704 vera,
860 627 928 703 qnia
948 634 1058 708 sancta,
1077 628 1226 712 didced0,
1304 643 1305 698 l

172 735 185 775 ι
200 716 430 795 despicatissimi
444 716 553 775 vermis
567 712 667 774 ulcera
681 713 783 792 digitis
797 713 1011 776 exhortationis
1026 725 1227 780 contrectare

199 823 260 866 non
282 807 389 885 piguit3
413 795 469 863 tibi
491 804 629 863 avaritiae
651 820 711 862 non
729 802 785 862 luit
801 821 925 881 pascere
944 807 1065 866 monitis
1084 809 1226 870 animam

199 893 356 973 fragilitate
389 895 519 953 ieiunam
551 898 581 951 et
613 891 649 951 de
681 891 824 970 apotheca
855 891 1023 953 dilectionis
1050 893 1225 959 altissimae

200 983 356 1044 sectandae
384 981 471 1042 nobis
498 980 673 1040 humilitatis
696 981 855 1059 propinare
878 999 1057 1044 mensuram.
1105 981 1136 1046 5.
1163 987 1223 1047 sed

201 1090 265 1153 ora,
297 1078 331 1132 ut
360 1071 535 1149 quandoque
563 1071 751 1149 resipiscam,
783 1077 926 1147 quantum
956 1089 1038 1132 meas
1066 1072 1225 1152 deprimat

160 1183 185 1220 ιι
200 1163 300 1220 oneris
328 1161 462 1239 impositi
488 1176 585 1218 massa
613 1160 752 1219 cervices.
800 1158 964 1220 facinorum
992 1162 1222 1224 continuatione

199 1252 292 1310 miser
324 1267 359 1309 eo
387 1249 573 1308 necessitatis
603 1249 729 1327 accessi,
760 1253 794 1306 ut
823 1249 850 1306 is
878 1267 932 1327 pro
959 1256 1081 1328 peccato
1111 1253 1223 1332 populi
1304 1277 1305 1290 ι

199 1357 279 1399 nunc
307 1356 392 1397 orare
420 1335 592 1416 compellar,
621 1354 675 1415 pro
704 1354 762 1415 quo
789 1335 917 1415 populus
944 1339 1140 1399 innocentum
1168 1344 1222 1402 vix
1304 1383 1305 1408 ι

200 1426 289 1488 debet
318 1429 477 1505 impetrare
506 1427 532 1485 si
559 1425 713 1504 supplicet.
759 1442 827 1485 nam
856 1428 922 1504 quis
953 1426 1029 1487 bene
1056 1428 1221 1490 medellam
1304 1433 1305 1528 ,

201 1534 289 1594 aeger
320 1511 492 1594 impertiat?
538 1516 605 1593 quis
637 1513 768 1574 febriens
800 1517 951 1593 arroganti
982 1522 1063 1577 tactu
1094 1516 1222 1596 pulsum

160 1625 185 1665 ιι
200 1605 364 1684 distinguat
390 1599 590 1664 incolumem?
632 1605 698 1681 quis
725 1603 860 1662 desertor
887 1606 1042 1664 scientiam
1061 1608 1114 1664 'rei
1138 1608 1221 1669 mili-

199 1695 272 1754 taris
296 1695 361 1755 iure
384 1689 568 1754 laudaverit?
610 1694 677 1771 quis
701 1691 870 1753 esculentus
894 1692 1071 1754 abstemium
1095 1713 1221 1777 compe·

199 1790 297 1844 tenter
325 1779 477 1862 arguerit?
518 1782 743 1860 indignissimus
770 1781 942 1842 mortalium·
967 1800 1090 1843 necesse
1119 1784 1220 1847 habeo

200 1872 299 1933 dicere
324 1872 401 1951 quod
426 1872 522 1932 iacere
546 1871 688 1950 detrecto,
711 1876 741 1930 et
764 1868 800 1930 ad
818 1888 884 1930 mea
902 1873 967 1950 ipse
985 1871 1220 1936 verba-damna-

200 1960 282 2042 bilis,
305 1979 373 2022 cum
396 1979 455 2020 non
479 1959 617 2038 impleam
642 1977 717 2037 quae
740 1976 860 2040 moneo,
887 1961 966 2021 idem
990 1962 1021 2020 in
1044 1979 1091 2021 me
1116 1981 1220 2024 meam
1304 1979 1305 2002 ι

159 2073 186 2112 ιο
200 2050 309 2110 cotidie
337 2067 427 2127 cogor
455 2050 567 2109 dictare
596 2049 781 2108 sententiam.
827 2046 855 2109 6.
880 2049 932 2110 sed
957 2051 1039 2109 situ
1062 2052 1218 2114 interme

200 2146 230 2198 et
258 2137 355 2218 illum,
382 2140 431 2198 cui
454 2137 708 2217 concrucifigeris
735 2137 888 2198 dominum
911 2145 1048 2198 nostrum
1070 2157 1125 2218 pro
1151 2159 1219 2202 sce-

200 2225 295 2287 lerum
317 2245 453 2287 meorum
475 2225 598 2306 populo,
627 2228 726 2285 iunior
749 2244 832 2304 mage
856 2245 945 2306 quam
967 2229 1065 2288 minor
1087 2227 1218 2312 Moyses,

200 2317 381 2376 intercessor
399 2307 530 2396 assistas,
552 2332 613 2374 non
631 2313 757 2376 ulterius
777 2316 1019 2376 descendemus
1011 2335 1041 2377 m
1061 2317 1218 2380 infernum

199 2406 332 2464 viventes
363 2422 419 2464 nec
451 2423 504 2483 per
537 2404 698 2464 carnalium
730 2406 869 2465 vitiorum
897 2407 1045 2465 incentiva
1072 2405 1218 2469 flammati

161 2514 187 2555 ιι
200 2492 237 2554 ad
261 2491 351 2553 altare
375 2493 487 2553 domini
506 2495 605 2571 ignem
624 2493 736 2554 diutius
755 2494 950 2554 accendemus
970 2493 1111 2576 alienum3
1135 2499 1218 2578 quia,

201 2600 378 2661 quamquam
401 2600 456 2642 nos
478 2588 580 2661 utpote
600 2600 667 2642 reos
686 2581 795 2660 gloriae
815 2581 889 2644 libra
908 2601 968 2643 non
986 2585 1118 2664 respicit,
1141 2589 1217 2646 satis
1301 2609 1302 2612 ¹

200 2680 300 2732 tamen
323 2689 471 2750 superque
495 2670 702 2751 gaudebimus,
730 2674 757 2731 si
779 2679 901 2750 precatu
924 2681 974 2732 tuo
997 2671 1095 2733 levare
1119 2673 1216 2735 valea-

201 2779 266 2822 mus
295 2762 446 2821 interioris
474 2760 603 2820 bominis
632 2762 728 2820 nostri
755 2761 813 2820 etsi
839 2779 899 2821 non
929 2763 1078 2839 integrum
1106 2762 1142 2822 ad
1166 2782 1214 2824 re-

179 2852 450 2930 munerationem,
478 2856 557 2910 certe
586 2848 632 2909 vel
660 2851 863 2910 cicatricatum
890 2857 995 2929 pectus
1023 2850 1059 2910 ad
1088 2853 1213 2914 veniam.

161 2961 187 3000 ao
201 2957 315 3000 memor
337 2941 434 2999 nostri
456 2957 522 3000 esse
546 2939 685 3019 dignare,
708 2938 826 2999 domine
849 2957 933 3018 papa.

272 3152 287 3200 9
308 3147 443 3214 quantum
462 3145 555 3200 LNO
574 3151 600 3201 et
621 3147 653 3200 ire
675 3161 730 3200 raa
750 3145 807 3214 M1,
832 3162 895 3199 cum
919 3144 995 3200 enim
1015 3147 1040 3200 Τ
1064 3149 1074 3216 l
1103 3151 1136 3200 10
1150 3156 1214 3217 post

201 3216 323 3271 cervices
342 3218 474 3272 excidisse
487 3215 566 3272 vides
581 3218 681 3273 coemit
690 3217 864 3286 Mmmnsenl
879 3222 911 3272 19
931 3233 995 3271 cum
1008 3233 1065 3271 non
1078 3216 1212 3300 impleam

201 3304 272 3356 quae
291 3305 392 3342 moneo
407 3288 434 3342 L
452 3294 477 3344 et
494 3294 569 3344 uto
582 3288 622 3357 N,
640 3289 687 3344 sed
704 3303 772 3343 corr.
791 3290 823 3343 ιἰι
840 3287 977 3358 imperem
995 3304 1068 3356 quae
1086 3305 1143 3342 non
1161 3289 1211 3342 im-

201 3358 265 3428 pleo
284 3359 336 3428 N
319 3360 327 3390 ¹
359 3359 495 3430 imperem
518 3375 590 3440 quaa
609 3375 665 3413 non
683 3357 789 3428 impleo
809 3360 914 3425 ΜΟΤ,·
938 3377 977 3415 ae
1001 3376 1065 3413 cum
1086 3375 1143 3414 non
1161 3360 1212 3413 im-

200 3429 295 3511 pleam
314 3447 386 3499 quoe
405 3446 513 3500 moneo,
534 3430 670 3500 imperem
684 3446 756 3498 ques
773 3447 831 3484 non
849 3401 973 3512 impleo?
989 3430 1019 3501 l
1009 3449 1039 3484 ιιι
1057 3446 1101 3485 me
1120 3447 1211 3486 meam

208 3501 263 3538 r.·
267 3517 393 3556 ”mecm
419 3500 482 3569 V,
474 3518 504 3554 ιιι
523 3500 949 3571 mesequatict.rm.1t⁷¹,m
967 3517 1012 3555 me
1030 3503 1089 3573 (om.
1109 3508 1211 3574 meam)

309 3577 319 3618 i
333 3577 366 3624 23
386 3588 424 3626 au
442 3572 500 3625 axis
502 3573 563 3624 tas?
582 3571 765 3641 Luetj0baun,
782 3573 911 3642 frustrul
