2614 4030
528 251 743 310 PRAEFATIO.
1117 253 1142 308 V

126 405 232 484 Neque
253 406 334 464 enim
349 403 547 464 Gustalssonii
562 403 598 463 de
613 402 701 463 hotius
715 401 784 462 libri
799 401 897 462 indole
913 405 1045 481 quamvis
1060 412 1144 464 acuta

126 495 329 573 disputatione
350 487 453 575 (‘Berl.
468 491 566 570 philol.
581 486 804 552 Wochenschr.'
820 487 905 552 1889
919 510 947 570 p.
965 489 1050 554 1365
1065 486 1144 576 sqq.)

126 582 305 662 persuaderi
324 581 397 641 mihi
415 583 512 660 potuit
530 580 613 641 illum
634 573 693 663 (vel
712 579 884 640 Vaticanum
899 575 1000 663 3421)
1021 581 1143 660 dignum

127 690 208 752 esse,
245 673 296 732 cui
327 672 449 750 propria
480 677 510 730 et
540 669 698 747 singularis
732 671 891 729 auctoritas
924 669 1144 752 attribueretur,

131 761 182 820 sed
214 778 249 820 re
282 762 392 819 iterum
425 778 458 819 ac
492 761 610 838 saepius
647 759 811 818 examinata
848 759 1016 819 etiamnunc
1051 757 1145 820 Leoni

128 850 292 929 assentior,
326 850 378 926 qni
411 866 479 908 eum
511 855 544 907 ut
576 848 705 925 graviter
736 846 945 925 interpolatum
975 866 1011 907 ex
1039 848 1143 908 eodem

127 939 205 998 unde
220 937 244 996 F
259 945 290 997 et
304 936 327 995 P
347 936 509 1015 exemplari
528 938 673 1014 originem
693 935 812 995 drrxisse
827 935 994 997 arbitratur.
1032 937 1144 998 Tamen

128 1030 158 1088 in
181 1027 239 1086 hac
263 1027 438 1104 quaestione
462 1043 532 1085 sane
556 1024 668 1085 difficili
692 1031 726 1084 ut
749 1024 815 1084 aliis
834 1043 951 1104 quoqne
971 1027 1018 1085 sui
1036 1025 1140 1086 iudicii

127 1115 291 1176 adhibendi
315 1113 437 1174 facultas
461 1114 594 1193 daretur,
617 1113 706 1173 liuius
725 1112 795 1174 libri
812 1113 955 1174 lectiones
975 1132 1062 1192 quam
1081 1115 1143 1193 ple-

128 1205 269 1265 nissimas
303 1204 505 1263 necessarium
536 1204 631 1262 visum
658 1208 703 1262 est
731 1210 858 1263 enotare.
904 1202 985 1263 lnter
1013 1221 1063 1263 eos
1092 1206 1144 1282 qui

129 1300 244 1353 restant
268 1291 387 1352 codices
409 1293 575 1370 principem
599 1290 696 1351 locum
719 1291 854 1351 obtinere
877 1290 1058 1352 Laudianum
1083 1310 1144 1352 non

130 1381 226 1442 solum
251 1399 288 1441 ex
308 1383 431 1440 vetustis
453 1379 664 1441 vocabulorum
687 1380 789 1440 formis
813 1388 843 1441 et
867 1381 1075 1460 orthographia
1094 1381 1143 1441 ad·

130 1470 251 1531 modum
288 1468 475 1529 memorabili
509 1475 645 1548 apparet,
677 1487 777 1550 quam,
815 1468 910 1548 quoad
942 1470 1008 1529 fieri
1039 1472 1143 1550 potuit,

132 1559 230 1620 dedita
256 1576 346 1636 opera
369 1559 479 1618 retinui
510 1549 633 1639 (scripsi
662 1560 753 1636 igitur
782 1564 942 1637 praeeunte
969 1557 1143 1638 plerumque

130 1647 337 1727 Luetjobanno
362 1650 447 1707 aedis
473 1644 640 1724 [nominat]
669 1649 799 1724 itemque
827 1651 911 1707 molis
934 1649 1045 1708 subolis
1069 1651 1143 1709 bali-

131 1755 219 1799 neum
244 1738 435 1813 bybliotheca
458 1743 599 1796 creterra
623 1735 793 1811 defrudure
816 1738 1022 1796 deversorium
1045 1754 1068 1796 s.
1093 1741 1142 1798 de·

130 1829 302 1887 cursorium
322 1824 443 1899 scetere
461 1826 610 1885 Garunna
629 1826 744 1884 hisdem
767 1827 887 1884 lucusta
911 1828 1010 1900 lpnter
1033 1843 1141 1886 maxu-

128 1933 193 1976 mus
228 1917 413 1990 pedrlrequns
446 1916 603 1989 pomoeriu
645 1914 751 1988 robr'qo
792 1917 965 1973 scuturrr‘re
1005 1917 1141 1991 scorpios

128 2006 279 2065 veraedos
306 1994 432 2084 alia)*),
456 2001 507 2061 sed
531 2003 624 2080 magis
648 2003 737 2061 etiam
761 2019 797 2060 ex
820 2000 957 2079 plurimis
980 2001 1067 2083 locis,
1090 2002 1143 2063 ubi

129 2095 193 2152 sine
226 2089 315 2151 dubio
345 2089 390 2150 vel
419 2109 497 2150 unus
528 2109 543 2150 e
573 2109 624 2150 sen
654 2089 713 2150 illis
740 2088 826 2150 libris
856 2089 902 2150 vel
932 2109 1000 2150 cum
1028 2109 1087 2151 uno
1111 2099 1141 2152 et

129 2180 221 2240 altero
254 2197 353 2239 veram
389 2178 546 2239 lectionem
584 2181 722 2259 servavit,
755 2177 893 2258 aliisque,
924 2179 977 2239 ubi
1013 2183 1140 2240 maiores

128 2271 296 2330 minoresve
323 2267 444 2328 lacunas
476 2270 508 2327 in
540 2270 648 2328 ceteris
679 2267 830 2328 codicibus
863 2266 1044 2329 oblitteratas
1075 2271 1139 2348 ipso

129 2360 223 2437 spatio
243 2359 322 2417 inter
341 2355 430 2416 verba
448 2355 552 2416 relicto
571 2356 689 2417 indicat.
727 2355 807 2426 Quae
823 2355 943 2417 lacunae
958 2358 1036 2418 unde
1056 2365 1137 2417 ortae

129 2449 197 2527 sint,
216 2452 317 2506 utinm
336 2445 475 2505 librarius
495 2445 638 2524 quaedam
656 2452 778 2525 propter
797 2445 994 2505 difficiliorem
1014 2448 1139 2524 scriptu-

129 2553 192 2596 ram
215 2535 314 2612 legere
337 2552 397 2594 non
420 2536 551 2613 potuerit
574 2553 611 2594 an
634 2533 811 2613 archetypus
834 2534 881 2594 his
905 2534 991 2615 locis,
1015 2535 1139 2595 fortasse

129 2626 210 2704 igne,
233 2622 331 2683 laesus
355 2623 458 2703 suerit,
486 2641 546 2684 non
569 2625 627 2682 iam
650 2629 748 2702 potest
776 2623 946 2704 diiudicari3
974 2642 1042 2683 nam
1070 2624 1138 2683 inde

129 2716 176 2773 vix
206 2715 364 2790 quicquam
393 2714 467 2772 certi
495 2713 638 2792 conicias
666 2711 744 2790 quod
772 2711 942 2772 huiusmodi
965 2711 1023 2772 loci
1046 2731 1138 2791 prope

132 2819 232 2861 omnes
256 2803 287 2860 in
311 2803 415 2878 primis
439 2801 518 2861 soliis
546 2802 745 2860 inveniuntur.
792 2799 857 2860 Non
880 2800 1006 2860 multum
1028 2819 1083 2879 per
1107 2819 1139 2861 se

130 2893 186 2970 ipsi
209 2891 393 2950 auctoritatis
416 2889 526 2950 habent
549 2889 573 2947 T
596 2896 625 2950 et
647 2888 683 2948 M.
730 2888 782 2949 llle
810 2891 889 2948 enim
918 2907 985 2948 cum
1008 2891 1138 2967 interpo-

131 2979 288 3040 lationibus
308 2984 431 3059 scateat,
455 2981 481 3038 si
501 2979 571 3057 quid
595 2979 728 3057 quamvis
752 2995 819 3037 raro
838 2976 989 3056 probabile
1009 2977 1139 3058 praebet,

198 3185 225 3255 *)
243 3183 285 3238 Ne
304 3183 335 3237 in
353 3183 558 3238 assimilatione
577 3182 689 3252 quidem
710 3182 926 3236 consonantium
940 3183 1139 3252 aequabilitati

132 3255 225 3310 studui
244 3255 294 3309 sed
316 3254 442 3309 codicem
460 3255 482 3308 L
503 3253 636 3322 religioso
661 3257 772 3308 secutus
797 3272 866 3309 sum.
905 3255 936 3308 ld
959 3258 1053 3310 tamen
1077 3254 1138 3308 ani-

130 3345 204 3380 mum
221 3325 354 3380 inducere
373 3343 428 3380 non
447 3325 536 3395 potui,
555 3329 588 3380 ut
606 3328 708 3380 concurr
727 3327 829 3396 quoties
847 3328 925 3381 toties
943 3343 1029 3396 nepus
1043 3343 1137 3382 consu-

133 3401 185 3454 loro'
202 3397 365 3466 scriberem3
388 3413 558 3466 quamquam
582 3398 721 3452 consulare¹
740 3395 853 3464 quidem
871 3397 1068 3466 paronomosia
1086 3396 1138 3450 illa

132 3468 318 3524 commendari
340 3467 453 3523 videtur
476 3484 518 3539 ep.
533 3469 584 3535 VI,
601 3473 659 3536 1‚1
683 3469 785 3538 aliquus
808 3470 856 3538 qui
879 3485 968 3523 omnes
990 3470 1138 3524 consuleris

131 3543 250 3609 infirmos
268 3543 367 3610 quique
385 3542 480 3594 merito
503 3541 537 3594 ob
556 3541 680 3594 erunibus
702 3540 863 3594 consularia.
903 3540 1060 3609 Oportunus
1079 3557 1138 3594 om-

131 3613 205 3666 nium
222 3611 359 3666 librorum
377 3626 514 3664 consensu
531 3609 640 3665 nititur.
