2636 4032
316 220 484 276 SIDONIUS
505 219 653 276 RURICIO
673 219 742 276 SUO
762 220 940 276 SALUTEM.
1090 219 1131 282 91

115 369 148 432 3.
174 371 210 433 de
234 377 346 452 cetero,
369 387 548 450 quamquam
571 377 602 430 et
619 377 770 431 extremus
790 377 949 431 autumnus
971 372 1030 431 iam
1054 369 1132 430 diem

114 460 233 522 breviat
265 466 295 520 et
327 461 474 520 viatorum
506 458 647 520 sollicitas
681 477 769 520 aures
805 459 885 519 foliis
916 466 978 521 toto
1011 476 1132 519 nemore

114 549 287 610 labentibus
315 547 436 629 crepulo
464 548 580 627 fragore
608 550 829 628 circumstrepit
855 551 946 628 inque
960 548 1132 630 castellum,

111 638 152 700 ad
179 638 258 718 quod
281 640 397 718 invitas,
421 643 523 716 utpote
546 636 661 716 Alpinis
679 637 805 717 rupibus
824 639 963 717 cinctum,
986 637 1042 698 sub
1060 639 1131 697 vici-

113 729 210 788 nitate
228 725 357 787 brumali
376 725 527 786 difficilius
546 724 726 808 escenditur,
745 744 799 786 nos
818 732 917 787 tamen
937 726 992 786 deo
1011 729 1130 806 praevio
1158 741 1171 783 a

111 835 172 896 per
194 823 314 877 tuorum
337 817 483 876 montium
506 814 598 876 latera
621 815 795 895 confragosa
813 817 967 876 venientes
984 833 1042 876 nec
1062 815 1131 876 sub·

111 907 210 966 iectas
233 911 334 966 cautes
353 921 409 965 nec
429 905 612 983 superiectas
631 906 716 964 nives
735 921 973 985 expavescemus,
993 905 1130 983 'quamvis

112 997 254 1073 iugorum
276 993 424 1072 profunda
447 992 599 1053 declivitas
623 1011 730 1072 aggere
749 993 905 1054 cocleatim
927 993 1020 1054 fracto
1040 1011 1128 1072 saepe

112 1082 267 1152 redeunda
291 1083 339 1163 sit,
364 1084 432 1162 quia
455 1088 486 1142 et
509 1083 535 1142 si
558 1081 638 1142 nulla
662 1081 853 1162 sollemnitas,
875 1089 908 1142 tu
931 1084 1002 1143 satis
1022 1081 1129 1161 dignus

111 1190 162 1252 es,
194 1178 227 1232 ut
255 1177 301 1232 est
327 1170 495 1231 Tullianum
521 1170 608 1252 illud,
639 1178 789 1251 propter
823 1189 924 1251 quem
952 1171 1128 1250 Thespiae
1144 1187 1169 1226 ro

112 1262 290 1321 visantur.
326 1259 398 1320 vale.

578 1450 665 1516 XVI.

311 1571 478 1628 SIDONIUS
497 1572 645 1628 RURlClO
665 1572 734 1629 SUO
754 1572 931 1629 SALUTEM.

184 1682 212 1747 1.
234 1687 343 1766 Accepi
365 1705 420 1766 per
437 1685 629 1747 Paterninum
647 1677 791 1766 paginam
805 1694 942 1768 vestram,
966 1705 1040 1767 quae
1059 1686 1127 1767 plus

111 1775 211 1836 mellis
230 1793 267 1836 an
286 1775 356 1836 salis
374 1775 481 1836 babeat
499 1776 646 1836 incertum
661 1783 714 1837 est.
738 1782 872 1836 ceterum
886 1775 996 1855 eloquii
1012 1777 1126 1855 copiam

111 1865 191 1925 hano
213 1864 356 1946 praefert,
383 1864 438 1924 bos
462 1863 522 1924 olet
544 1864 647 1946 liores,
674 1872 708 1926 ut
729 1863 805 1925 bene
829 1871 969 1945 appareat
990 1882 1051 1924 non
1074 1882 1126 1925 vos
1141 1876 1166 1917 1⁵

110 1953 269 2014 manifesta
296 1953 383 2014 modo
411 1971 515 2014 verum
542 1953 651 2014 furtiva
679 1972 796 2033 quoque
820 1953 947 2015 lectione
970 1954 1124 2033 prolicere.

110 2061 292 2123 quamquam
310 2049 341 2102 et
358 2041 415 2102 boc
433 2042 546 2102 lurtum
565 2043 644 2121 quod
662 2043 834 2122 deprecaris
853 2042 1011 2122 exemplati
1031 2041 1125 2103 libelli

110 2150 173 2192 non
192 2133 279 2193 venia
296 2138 357 2192 tam
376 2130 483 2192 debeat
501 2133 650 2211 respicere
670 2150 759 2214 qnam
778 2130 879 2210 gloria.
912 2132 983 2212 quid
997 2138 1031 2192 tu
1045 2134 1123 2193 enim

110 2221 204 2282 facias
223 2219 333 2299 absque
351 2221 469 2301 virtute,
489 2221 541 2299 qui
557 2239 614 2281 nec
633 2223 697 2300 ipsa
715 2228 836 2300 peccata
856 2223 920 2282 sine
940 2220 1025 2282 laude
1044 2239 1123 2282 com-

109 2305 228 2371 mittis?
264 2307 293 2370 2.
313 2327 366 2388 ego
390 2326 460 2369 vero
484 2309 625 2388 quicquid
648 2311 821 2389 impositum
843 2317 890 2371 est
908 2309 1021 2371 fraudis
1040 2310 1123 2392 mibi,
1138 2321 1164 2362 20

110 2405 215 2477 utpote
237 2397 362 2480 absenti,
384 2395 480 2457 libens
504 2398 591 2458 audio
612 2398 828 2479 principalique
846 2417 901 2478 pro
919 2417 1043 2460 munere
1062 2418 1123 2460 am-

108 2486 234 2568 plector,
258 2486 336 2566 quod
356 2486 570 2566 quodammodo
589 2487 731 2548 damnum
749 2487 888 2549 indemne
906 2487 1038 2550 toleravi.
1071 2507 1122 2549 ne-

107 2595 168 2656 que
201 2577 281 2636 enim
308 2576 387 2654 quod
414 2581 466 2636 tuo
494 2578 621 2636 accessit
647 2579 731 2658 usui,
763 2576 893 2638 decessit
920 2578 976 2638 boc
1003 2585 1122 2638 nostrae

105 2666 285 2744 proprietati
308 2663 417 2738 autad
440 2666 624 2725 incrementa
648 2667 791 2727 scientiae
814 2673 929 2727 vestrae
952 2684 1007 2745 per
1030 2666 1121 2726 detri-

105 2760 208 2816 menta
231 2755 354 2814 venistis
373 2752 494 2814 alienae.
533 2756 604 2833 quin
623 2756 723 2834 potius
742 2756 806 2833 ipse
825 2756 890 2815 iure
910 2753 1016 2815 abhinc
1036 2753 1122 2815 uberi
1136 2762 1161 2804 ²⁵

106 2844 266 2922 praeconio
294 2859 354 2902 non
382 2841 510 2922 carebis,
539 2845 591 2921 qui
614 2845 708 2922 magis
732 2845 818 2922 igneo
842 2845 962 2922 ingenio
985 2850 1121 2904 naturam

105 2931 249 2993 decenter
271 2933 350 3010 ignis
373 2933 505 2991 imitatus
529 2949 575 3012 es,
605 2932 642 2992 de
667 2951 725 3012 quo
750 2934 775 2992 si
799 2932 870 3012 quid
894 2931 1014 2993 demere
1038 2932 1120 3014 velis,

180 3090 212 3139 10
230 3083 287 3140 Cic.
301 3083 381 3138 Verr.
396 3083 435 3152 II,
450 3087 479 3152 4,
495 3091 523 3153 2,
539 3088 556 3136 4
578 3086 694 3153 propter
717 3100 800 3154 quem
819 3084 959 3153 Thespiae
982 3083 1119 3140 visuntur.

179 3159 193 3208 1
214 3158 243 3210 et
261 3162 324 3212 aete
349 3155 489 3210 extremus
512 3155 622 3210 occlusti
640 3155 817 3224 Moetjobcoo
840 3158 849 3226 11
872 3154 1067 3210 descenditur
1085 3157 1119 3225 L,

104 3226 269 3282 ascendibur
286 3229 367 3292 (corr.
386 3243 420 3281 oc
443 3224 603 3280 ascenditur
621 3226 655 3281 N
656 3226 715 3294 ¹)N
716 3227 753 3281 M
757 3227 810 3281 GT
820 3229 830 3298 l
845 3232 877 3280 12
896 3229 978 3282 iasar.
997 3243 1049 3282 om.
1068 3228 1095 3281 L
1108 3229 1118 3297 11

107 3305 141 3354 13
159 3296 320 3368 polemium
343 3296 397 3353 VO
420 3299 429 3365 11
458 3303 490 3352 16
505 3303 570 3366 poet
592 3313 688 3351 verum
711 3299 760 3370 lep.
781 3297 868 3353 etiam
885 3299 918 3353 io
937 3299 963 3351 Τ
985 3302 989 3368 1
1013 3297 1120 3353 furtivo

104 3385 217 3439 quoque
236 3370 270 3424 N
276 3369 342 3424 VM
345 3368 434 3436 OTP,
457 3383 568 3436 quoque
586 3367 692 3422 furtiva
710 3368 776 3424 LF
799 3372 809 3440 11
836 3375 870 3423 22
890 3368 965 3436 quod
984 3370 1121 3438 quodem-

104 3440 190 3496 modo
205 3443 240 3510 L,
259 3439 308 3508 qui
321 3447 402 3497 (corr.
418 3455 452 3494 ea
465 3437 541 3508 quod
555 3439 590 3494 N
590 3440 611 3507 ¹)
624 3439 831 3508 quodammodo
845 3441 877 3495 N
879 3441 918 3496 M
921 3440 994 3512 οΤ1
1008 3446 1041 3495 25
1056 3449 1120 3498 ante

103 3511 167 3582 ipse
185 3513 250 3568 cdd.
268 3511 293 3565 is
312 3510 490 3579 Moetjobana
506 3512 517 3580 1
535 3515 570 3565 26
588 3510 681 3583 uberi]
700 3511 780 3566 verbi
800 3512 823 3568 0
832 3516 842 3583 l
856 3518 890 3568 26
909 3511 1017 3567 carebit
1034 3513 1119 3570 Inet-

96 3585 208 3652 joanno
221 3587 231 3652 l
244 3589 278 3637 27
298 3583 343 3636 est
360 3582 537 3650 Luctjobovm
550 3583 559 3650 11
