2636 4032
333 165 502 222 SIDONIUS
521 165 665 222 ECDICIO
687 165 754 222 SUO
774 165 950 221 SALUTEM.
1103 167 1145 231 57

129 319 245 378 mitatis
278 317 419 378 adversae
451 319 529 396 parti
561 317 723 395 inopinatis
752 315 965 377 certaminibus
992 317 1148 399 inflictum,
1241 320 1244 331 “

130 414 163 467 ut
195 405 332 467 occulere
361 424 516 466 caesorum
544 407 788 466 numerositatem
816 404 940 466 consilio
969 406 1148 467 deformiore

129 495 357 556 meditarentur.
405 495 552 574 siquidem
581 511 655 574 quos
683 493 801 554 humari
823 513 881 555 nox
906 497 1057 556 succincta
1079 514 1147 575 pro-

129 585 281 664 hibuerat,
300 583 493 644 decervicatis
508 583 623 662 liquere
639 582 840 664 cadaveribus,
859 589 1009 663 tamquam
1023 586 1147 644 minoris

130 673 238 735 indicii
270 674 347 733 foret
374 691 463 751 quem
490 691 550 733 non
578 672 650 732 velis
679 674 800 750 agnosci
828 674 968 733 crinitum
999 673 1148 733 dimisisse
1176 690 1188 730 s

129 768 311 824 truncatum.
363 759 392 824 8.
421 764 473 840 qui
500 769 657 842 postquam
684 760 750 822 luce
778 760 910 822 revoluta
937 760 1149 822 intellexerunt

131 852 247 912 furtum
270 853 373 912 ruinae
403 869 472 911 suae
497 850 611 912 crudeli
633 849 745 910 vilitate
768 852 914 931 patuisse,
942 857 1006 911 tum
1029 849 1149 911 demum

131 938 231 1021 palam
250 940 357 1000 officiis
376 939 580 1019 exequialibus
600 938 830 1020 occupabantur,
849 957 909 999 non
927 941 1021 1017 magis
1037 939 1150 1000 cladem

131 1029 240 1090 fraude
272 1047 361 1107 quam
394 1029 528 1089 fraudem
560 1029 748 1089 festinatione
786 1028 929 1110 celantes;
966 1031 1009 1090 sic
1041 1036 1150 1110 tamen,

133 1119 215 1198 quod
239 1135 294 1178 nec
318 1135 386 1178 ossa
408 1118 595 1178 tumultuarii
613 1119 752 1196 caespitis
771 1117 848 1178 mole
867 1117 1061 1199 tumulabant,
1085 1120 1191 1196 qui-10

132 1208 192 1268 bus
221 1225 278 1267 nec
308 1205 396 1268 elutis
424 1210 600 1268 vestimenta
628 1225 683 1266 nec
711 1209 826 1267 vestitis
855 1206 1010 1287 sepulchra
1037 1207 1150 1268 tribue-

131 1297 220 1376 bant,
252 1298 329 1356 iuste
363 1297 406 1357 sic
438 1298 564 1357 mortuis
596 1295 665 1357 talia
697 1297 774 1355 iusta
807 1295 963 1357 solventes,
1016 1296 1151 1357 iacebant

132 1403 261 1464 corpora
292 1385 424 1463 undique
460 1385 595 1446 locorum
626 1385 767 1464 plaustris
800 1392 939 1445 convecta
971 1384 1151 1466 rorantibus

135 1492 223 1554 quae,
250 1476 389 1553 quoniam
412 1474 557 1553 perculsis
581 1474 787 1534 indesinenter
813 1472 1016 1554 incumberes,
1043 1477 1151 1554 raptim

136 1565 292 1624 succensis
316 1560 455 1624 conclusa
479 1563 638 1624 domiciliis
662 1561 824 1624 culminum
843 1562 1085 1642 superlabentum
1103 1582 1150 1623 ro·
1166 1583 1191 1623 15

135 1651 252 1731 galibus
275 1653 449 1730 fragmentis
477 1651 698 1713 funerabantur.
744 1647 774 1712 9.
798 1651 850 1711 sed
879 1651 949 1731 quid
979 1670 1032 1731 ego
1060 1654 1152 1712 istaec

135 1744 217 1802 iusto
240 1739 409 1820 plusculum
432 1745 540 1823 garrio,
569 1744 620 1820 qui
642 1740 777 1801 laborum
799 1747 919 1801 tuorum
943 1758 1003 1800 non
1026 1759 1062 1801 ex
1087 1759 1151 1800 asse

134 1830 292 1890 historiam
324 1837 426 1890 texere
459 1831 511 1891 sed
544 1849 598 1910 pro
629 1837 713 1909 parte
740 1831 914 1889 memoriam
942 1829 1039 1890 facere
1067 1847 1151 1908 prae-

137 1921 267 2000 sumpsi,
300 1937 358 1998 quo
386 1922 480 1998 magis
511 1919 650 1980 crederes
678 1920 754 1978 votis
781 1925 915 1999 tuorum,
948 1937 1075 1998 quorum
1103 1937 1151 1978 ex-

135 2009 299 2088 pectationi
327 2011 513 2086 aegrescenti
540 2007 620 2068 nulla
649 2006 797 2069 salubrius
826 2010 967 2087 ociusque
995 2026 1083 2086 quam
1106 2009 1151 2067 tui
1165 2029 1191 2068 so

137 2097 282 2157 adventus
306 2097 438 2158 remedia
466 2093 715 2158 medicabuntur?
760 2098 864 2178 igitur,
893 2099 919 2157 si
942 2097 1013 2176 quid
1036 2104 1151 2158 nostra-

137 2188 215 2246 tium
237 2184 409 2264 precatibus
438 2186 619 2267 adquiescis,
647 2193 778 2247 actutum
806 2187 838 2245 in
865 2189 990 2265 patriam
1018 2189 1152 2265 receptui

138 2292 247 2336 canere
280 2275 388 2335 festina
421 2283 451 2336 et
482 2274 688 2336 assiduitatem
719 2281 800 2335 tuam
831 2274 1016 2355 periculosae
1048 2293 1153 2354 regum

137 2363 333 2424 familiaritati
361 2363 440 2424 celer
468 2367 588 2445 crime,¹
611 2382 737 2443 quorum
766 2364 1011 2426 consuetudinem
1039 2371 1152 2443 specta-

137 2454 274 2513 tissimus
299 2454 424 2532 quisque
448 2453 633 2514 flammarum
656 2461 779 2514 naturae
797 2451 874 2514 bene
894 2459 1054 2532 comparat,
1078 2471 1152 2531 quae
1168 2473 1194 2514 as

138 2544 224 2605 sicut,
241 2541 393 2621 paululum
417 2561 433 2602 a
457 2561 488 2602 se
512 2549 626 2602 remota
648 2542 836 2623 inluminant,
864 2544 904 2603 ita
928 2545 999 2602 satis
1024 2541 1081 2602 sibi
1105 2541 1153 2602 ad·
1219 2541 1223 2548 '

137 2637 220 2692 mota
243 2629 429 2692 comburunt.
474 2630 545 2692 vale.

216 2860 231 2907 1
272 2853 327 2908 arti
346 2872 402 2927 epo,
419 2853 510 2924 partis
529 2856 605 2910 codd.
620 2857 659 2924 112
680 2854 880 2909 deformosiore
898 2854 1000 2909 MPF
1009 2857 1018 2924 ll
1037 2859 1053 2908 5
1072 2871 1155 2921 quem

139 2941 198 2978 non
217 2873 289 2980 velis
308 2927 490 2998 ametor-ecto
507 2927 566 2981 coli.
582 2927 679 2982 Ruric
699 2943 738 2996 ep.
753 2927 797 2994 11,
812 2930 857 2993 65,
876 2942 960 2995 quam
980 2929 1037 2990 (am
1054 2927 1087 2979 io
1099 2943 1153 2981 roe.

139 2997 202 3065 Mi)
222 2995 298 3050 villis
312 2999 397 3067 codd,
417 3013 500 3066 quem
513 2996 603 3052 nolles
613 2998 813 3067 Iooetp'obotmfl
829 3003 859 3050 11
876 2997 1156 3068 exutisEnpelbreobt

171 3074 204 3122 15
224 3067 463 3138 superlabentium
483 3068 522 3122 M
530 3072 539 3136 t
555 3075 588 3124 16
606 3069 696 3123 istaec
715 3068 749 3138 L,
768 3069 839 3123 isbec
854 3068 913 3136 GP,
933 3069 990 3122 ista
1008 3067 1077 3122 haec
1092 3069 1158 3122 MT

170 3145 205 3193 24
224 3139 436 3208 expertissimus
454 3139 511 3194 Leo
526 3143 534 3211 ll
