2660 4030
143 219 207 286 182
497 220 605 274 LIBER
624 218 798 276 OCTAVUS.

50 393 54 401 ·
141 371 177 432 de
200 368 460 450 peregrinantibus
484 371 596 450 amicis,
620 371 729 449 quippe
749 386 823 448 quos
842 366 983 428 bellicum
1001 366 1155 429 militaris-

142 477 199 538 que
222 466 336 520 tessera
362 461 446 538 terit,
478 457 573 520 donee
600 458 729 519 secunda
757 475 917 537 cognosco,
949 474 1010 517 non
1032 457 1156 517 adversa

140 548 306 609 formidem.
353 544 404 610 18.
427 546 589 608 Varronem
615 547 833 626 logistoricum,
860 548 938 607 sicut
965 563 1155 626 poposceras,

141 645 171 697 et
193 635 355 697 Eusebium
377 635 635 716 chronographum
656 638 739 716 misi,
767 653 895 714 quorum
918 636 944 694 si
972 634 1009 695 ad
1031 642 1061 695 te
1084 635 1155 694 lima

115 727 319 806 spernenerit,
341 727 368 785 si
386 724 457 804 quid
476 727 554 787 inter
573 725 741 786 excubiales
761 742 858 806 curas,
875 730 977 802 utpote
992 725 1024 783 in
1038 725 1155 805 castriS,

140 814 238 875 saltim
261 815 365 875 sortito
388 813 514 896 vacabis,
541 817 664 895 poteris,
691 820 848 893 postquam
875 831 956 874 arma
983 813 1156 894 deterseris,

140 906 185 963 ori
208 921 326 982 quoquc
349 910 401 964 tuo
424 902 565 983 loquendi
589 903 756 982 robiginem
780 919 973 962 summovere.
1020 901 1090 962 vale.

609 1128 681 1194 Vll.

341 1251 509 1306 SIDONIUS
527 1250 664 1306 AUDACI
682 1249 751 1307 SUO
771 1249 951 1306 SALUTEM.

207 1364 235 1427 1.
258 1364 383 1426 Ubinam
408 1383 439 1426 se
463 1383 551 1444 nunc,
574 1363 662 1425 velim
685 1364 775 1445 dicaS,
798 1365 931 1443 gentium
953 1363 1149 1444 abscondunt,

99 1472 125 1510 ro
139 1456 191 1534 qui
214 1473 302 1533 saepe
322 1453 381 1515 sihi
400 1454 436 1514 de
454 1453 583 1514 molibus
602 1453 774 1515 facultatum
793 1458 1037 1531 congregatarum
1056 1453 1152 1532 deque

137 1545 287 1622 congestis
310 1546 370 1603 iam
391 1545 589 1622 nigrescentis
613 1545 729 1622 argenti
748 1541 880 1602 struibus
898 1538 1150 1602 blandiebantur?

137 1633 190 1693 uhi
213 1634 301 1694 ctiam
324 1629 444 1692 illorum
466 1634 678 1713 praerogativa,
701 1634 753 1710 qui
776 1639 878 1691 contra
900 1630 1031 1691 indolem
1054 1632 1151 1691 iunio-

137 1741 205 1782 rum
234 1722 296 1783 sola
326 1723 480 1782 occasione
512 1720 719 1800 praecedentis
751 1722 855 1780 aetatis
887 1715 1148 1781 intumescebant?

136 1810 190 1871 ubi
213 1817 282 1872 sunt
305 1809 357 1891 illi,
381 1829 509 1889 quorum
531 1809 659 1870 affinitas
678 1807 758 1869 nullo
782 1809 892 1869 indicio
911 1811 1023 1869 maiore
1044 1826 1152 1886 cogno-

101 1916 126 1957 15
140 1903 234 1960 scitur
253 1918 341 1979 quam
360 1894 531 1960 simultate?
554 1917 670 1979 nempe,
693 1916 760 1958 cum
779 1899 910 1976 primum
927 1897 1014 1958 honis
1038 1897 1152 1958 actibus

137 1987 219 2050 locus
250 1995 280 2049 et
309 1988 345 2048 ad
374 1990 518 2048 trutinam
550 1987 654 2048 iudicii
680 1986 853 2066 principalis
878 2004 1007 2066 appensa
1030 1986 1151 2046 tandem

137 2096 197 2138 non
229 2095 419 2139 nummorum
451 2076 527 2136 libra
560 2076 612 2136 sed
644 2093 774 2156 morum,
806 2093 975 2136 remansere
1007 2074 1067 2155 illi,
1100 2076 1151 2155 qui

137 2165 351 2246 superbissime
382 2165 579 2244 opinabantur
609 2164 671 2224 solo
702 2183 734 2224 se
765 2183 857 2226 censu
887 2182 953 2224 csse
984 2164 1150 2225 censendos

137 2257 248 2334 quique
281 2257 325 2315 sic
354 2256 434 2314 vitiis
464 2260 498 2314 ut
527 2253 638 2314 divitiis
673 2253 848 2314 incubantes
880 2253 983 2313 volunt
1014 2255 1152 2314 vanitatis

101 2363 129 2403 ro
142 2344 238 2404 rideri
261 2343 388 2403 alienam
411 2344 576 2403 surrexisse
595 2361 762 2424 personam,
780 2361 848 2403 cum
866 2341 962 2402 nolint
981 2342 1152 2421 cupiditatis

136 2435 235 2493 notari
263 2450 347 2493 suam
377 2433 507 2492 crevisse
540 2431 743 2492 substantiam.
784 2434 814 2492 in
844 2449 901 2510 qua
930 2437 1029 2491 tamen
1053 2431 1150 2491 detra·

135 2522 228 2582 hendi
262 2519 409 2600 palaestra
444 2522 598 2581 exercitati
629 2528 780 2600 tamquam
811 2538 866 2598 per
898 2519 997 2581 oleum
1025 2521 1067 2580 sic
1095 2538 1151 2599 per

136 2610 233 2672 infusa
256 2609 486 2671 aemulationum
505 2628 618 2671 venena
635 2616 831 2670 macerantur.
870 2605 899 2669 3.
922 2615 956 2668 tu
978 2627 1048 2668 vero
1072 2611 1151 2669 inter

135 2700 209 2761 haec
231 2711 339 2781 macte,
368 2702 420 2779 qui
442 2699 645 2779 praefecturae
667 2698 763 2759 titulis
787 2695 957 2778 ampliatus,
989 2697 1061 2758 licet
1082 2698 1151 2758 hac-

97 2807 122 2849 ss
136 2796 224 2851 tenus
249 2808 265 2849 e
287 2791 426 2868 prosapia
447 2787 568 2849 inlustri
591 2794 810 2867 computarere,
839 2785 1031 2865 peculiariter
1058 2786 1151 2847 nihilo

138 2880 258 2957 segnius
283 2877 455 2958 elaborasti,
477 2884 511 2938 ut
534 2885 602 2938 ate
626 2876 786 2956 gloriosius
809 2877 922 2955 posteri
944 2877 990 2936 tui
1013 2893 1151 2936 numera-

136 2974 249 3029 rentur.
294 2966 338 3027 nil
368 2969 448 3026 enim
478 2972 524 3027 est
554 2965 604 3026 illo
634 2982 689 3045 per
713 2966 890 3025 sententiam
912 2964 984 3025 boni
1006 2967 1151 3042 cuiusque

136 3058 323 3136 generosius,
356 3055 492 3135 quisquis
525 3056 639 3134 ingenii
671 3056 805 3133 corporis
839 3071 928 3133 opum
960 3055 1091 3114 iunctam
1118 3055 1151 3112 in

136 3242 256 3295 propero
268 3225 291 3280 0
302 3227 340 3295 111
360 3224 495 3280 bellicum
509 3227 544 3296 L,
562 3224 689 3281 bellica*
707 3228 736 3294 (a
754 3241 833 3292 corr„
850 3242 880 3276 m
893 3241 960 3280 eros.
976 3223 1074 3291 N¹)N,
1091 3221 1152 3276 bel-

136 3297 193 3351 lica
207 3297 244 3351 M
246 3296 319 3366 ΟΤΙΙ
333 3302 349 3350 2
368 3299 476 3351 tessera
493 3297 563 3352 terit
580 3314 630 3353 om.
646 3297 672 3351 L
685 3299 695 3366 ll
709 3302 724 3349 3
743 3295 893 3350 formidem
907 3297 963 3365 (em
975 3295 1008 3349 in
1022 3311 1075 3350 ras.
1092 3295 1151 3363 M1)

137 3369 175 3422 M
179 3368 237 3436 OT,
255 3367 434 3422 formidinem
453 3369 480 3423 L
493 3371 533 3435 116
552 3368 652 3423 sortito
670 3369 702 3423 in
720 3385 775 3424 ras.
790 3367 845 3432 M¹‚
864 3365 980 3420 fortuito
1000 3365 1047 3437 Th
1060 3371 1095 3420 24
1114 3383 1153 3421 an

135 3439 205 3493 licet
223 3441 269 3493 et?
282 3441 292 3508 ΙΙ
305 3444 340 3493 25
359 3438 471 3493 inlustri
489 3439 528 3508 L,
552 3439 657 3494 illustri
678 3439 708 3508 T,
732 3437 851 3493 illustris
871 3441 952 3506 (corr.
971 3453 1005 3491 ear
1022 3435 1152 3491 inlustris

136 3509 308 3579 N¹)NMO‚·
326 3511 360 3577 cf.
380 3527 419 3580 ep.
440 3510 507 3576 VII,
521 3516 548 3578 9,
562 3515 599 3566 17
616 3509 743 3565 inlustris
762 3509 793 3563 in
805 3511 925 3576 utraque
939 3508 1152 3563 conversatione

136 3580 294 3650 prosapiei!
308 3587 341 3635 tt
360 3580 450 3634 nichil
465 3582 504 3635 M
506 3582 553 3652 ΤΙΙ
