2636 4032
205 215 268 281 108
565 215 674 270 LIBER
693 214 859 281 QUINTUS.

203 383 267 427 mae
290 367 390 444 potius
413 373 540 426 mortem
562 367 728 446 pertinere,
755 363 833 445 quod
862 365 998 425 vivimus.
1043 382 1113 425 ecce
1138 366 1229 444 qnod
1314 381 1315 410 t

203 457 318 533 agimus
342 455 520 536 indicamus3
552 472 620 515 ecoe
649 453 757 534 adhue,
789 453 861 533 quid
889 455 996 534 agatis,
1028 454 1228 532 inquirimus.

204 545 237 604 lit
259 560 275 604 a
298 549 400 603 nostra
417 551 501 623 parte
521 543 600 623 quod
618 545 700 622 pium
720 549 774 623 est,
797 560 849 602 vos
868 541 1009 622 deinceps
1029 542 1116 603 facite
1137 544 1227 623 quod

203 633 328 693 videtur.
369 631 442 692 illud
466 650 536 693 sane
559 631 640 692 velut
657 633 768 692 Atticas
790 630 870 709 leges
894 633 934 692 ita
958 633 1021 692 aeri
1039 630 1154 692 credite
1174 635 1227 693 in-

178 723 313 802 ecisum,
340 739 395 782 nos
419 720 474 782 snb
498 739 553 801 ope
577 720 688 782 Christi
714 738 876 799 numquam
899 719 1082 780 admissuros
1106 724 1227 782 amoris
1314 757 1315 782 l

205 812 373 892 termimun,
397 813 481 871 cuius
506 809 673 871 studuimus
697 809 820 870 fundare
843 811 1033 888 principium.
1078 809 1152 871 vale.

679 1033 735 1100 IV.

381 1157 551 1212 SIDONIUS
570 1155 752 1212 SIMPLICIO
772 1155 840 1211 SUO
860 1155 1039 1212 SALUTEM.

271 1269 299 1332 1.
323 1270 407 1342 Quod
430 1289 490 1331 non
513 1272 614 1350 recepi
637 1273 747 1350 scripta
769 1272 822 1348 qui
838 1273 988 1352 miseram,
1011 1272 1125 1349 imputo
1145 1274 1225 1332 ami-

204 1362 301 1440 citiae,
325 1360 377 1420 sed
401 1360 509 1439 deputo
531 1359 598 1438 plus
616 1360 732 1439 pudori.
773 1377 851 1440 nam,
872 1361 933 1420 nisi
951 1366 1070 1439 praeter
1088 1377 1222 1439 aequum

165 1473 191 1511 ro
205 1455 334 1530 autumo,
356 1456 390 1509 ut
413 1448 549 1510 salutatio
572 1448 645 1508 mihi
668 1447 768 1509 debita
790 1448 1038 1529 dissimularetur,
1060 1467 1121 1509 non
1142 1448 1220 1511 illud

204 1539 388 1599 contumaoIa
421 1538 472 1599 sed
504 1537 682 1598 verecundia
712 1538 776 1598 luit.
825 1544 854 1598 at
884 1539 910 1597 si
936 1537 1062 1598 ulterius
1092 1540 1221 1616 paginae

203 1629 346 1706 garrienti
369 1627 463 1687 forem
487 1626 608 1708 claudis,
635 1625 788 1706 pessulum
812 1627 951 1708 opponis,
978 1627 1071 1706 quieti
1094 1626 1220 1706 quidem

203 1725 270 1777 tuae
294 1734 353 1776 non
374 1718 484 1776 invitus
508 1714 656 1796 indulgeo,
680 1715 732 1775 sed
755 1733 814 1775 non
837 1714 942 1795 procul
963 1723 1027 1776 ate
1046 1733 1114 1776 reos
1133 1734 1219 1777 meos
1314 1707 1315 1720 ¹

203 1808 394 1866 inventurum
407 1823 455 1864 me
475 1821 540 1864 esse
560 1804 711 1864 denuntio.
748 1801 777 1864 2.
797 1822 866 1864 nam
883 1811 976 1865 totam
995 1803 1107 1864 silentii
1124 1807 1220 1866 vestri

164 1917 190 1958 15
205 1895 346 1955 invidiam
379 1895 454 1954 verti
486 1911 545 1953 non
573 1894 716 1954 iniurium
744 1900 790 1953 est
817 1892 853 1954 ad
881 1892 1051 1973 superbiam
1079 1892 1220 1974 liliorum,

140 2037 145 2044 .
205 1986 256 2062 qui
279 2001 311 2043 se
331 1982 414 2061 diligi
433 1983 596 2043 sentientes
615 1981 764 2060 quoddam
782 1982 934 2061 patiuntur
953 1982 989 2043 de
1008 1988 1110 2043 nostra
1130 1982 1218 2044 sedu-

203 2072 285 2132 litate
309 2071 468 2132 lastidium.
507 2088 581 2149 quos
603 2088 725 2132 monere
746 2089 800 2150 pro
819 2072 915 2151 patria
933 2072 1107 2133 auctoritate
1128 2071 1218 2132 debe-

204 2159 284 2240 bitis,
306 2167 340 2220 ut
363 2167 530 2220 contractae
552 2160 629 2239 apud
647 2178 702 2220 nos
721 2160 849 2221 ollensae
869 2161 1095 2221 amaritudinem
1114 2159 1220 2239 politis

206 2247 343 2309 affatibus
367 2247 485 2309 dulcare
509 2266 569 2308 non
592 2248 736 2310 desinant.
783 2249 853 2310 vale.

692 2474 731 2540 V.

165 2607 191 2648 eo
397 2593 567 2650 SIDONIUS
587 2595 745 2652 SYAGRIO
765 2596 833 2652 SUO
854 2597 1031 2654 SALUTEM.

273 2710 300 2770 1.
324 2708 397 2770 Cum
422 2711 463 2769 sis
487 2709 617 2771 consulis
639 2729 789 2789 pronepos
817 2710 906 2789 idque
928 2729 984 2791 per
1011 2711 1126 2772 virilem
1151 2731 1218 2773 snc-

204 2800 369 2859 cessionem
400 2792 593 2882 (quamquam
620 2799 651 2859 id
680 2799 714 2860 ad
744 2817 863 2861 cansam
891 2799 1096 2862 subiciendam
1117 2803 1217 2862 minus

205 2880 333 2972 attinet),
357 2905 424 2949 oum
447 2889 489 2947 sis
512 2889 604 2966 igitur
627 2906 643 2948 e
667 2890 779 2949 semine
798 2894 913 2970 poetae,
936 2891 986 2949 cui
1003 2889 1107 2968 procul
1126 2889 1217 2951 dubio

205 2984 316 3038 statuas
339 2975 483 3038 dederant
506 2975 635 3058 litterae,
664 2980 690 3038 si
717 2977 835 3038 trabeae
859 2995 919 3037 non
942 2978 1095 3039 dedissent
1123 2971 1217 3060 (qnod

166 3087 191 3128 as
206 3067 295 3126 etiam
318 3083 398 3126 nunc
421 3068 553 3126 auctoris·
570 3065 648 3127 culta
666 3066 801 3128 versibus
820 3066 909 3127 verba
928 3060 1100 3151 testantur),
1123 3086 1216 3146 aquo

205 3154 303 3216 studia
325 3162 514 3235 posterorum
538 3173 574 3215 ne
595 3173 700 3235 parum
720 3154 848 3237 quidem,
872 3158 982 3236 quippe
1001 3157 1106 3217 iubae
1124 3164 1217 3238 parte,
1300 3181 1311 3236 4

205 3242 471 3324 degeneraverunt,
504 3247 633 3304 immane
664 3252 784 3305 narratu
816 3253 875 3326 est,
908 3252 1050 3323 quantum
1084 3253 1215 3324 stupeam

277 3440 294 3486 4
313 3430 444 3499 antiquas
465 3431 631 3500 Gustasoson
646 3439 650 3490 t
666 3431 709 3486 ita
728 3433 786 3487 aeri
806 3433 920 3502 Geretae,
942 3433 985 3488 ita
1007 3449 1072 3488 aere
1091 3433 1143 3503 (oet
1161 3437 1215 3498 ere)

206 3501 428 3642 dbbbbisissgle
447 3502 624 3571 Luetjobonn
645 3507 655 3573 ΙΙ
678 3508 694 3557 6
713 3502 809 3558 valeas
829 3504 852 3559 0
872 3508 882 3575 l
906 3510 938 3558 17
958 3504 1100 3560 debebitis
1118 3505 1213 3608 ΒΝΖ,
