2636 4032
337 208 505 267 SIDONIUS
524 209 678 266 DONIDIO
697 209 766 266 SUO
785 209 961 274 SALUTEM.
1111 212 1153 276 41

621 425 676 492 IX.

334 547 501 605 SIDONIUS
519 547 672 604 DONIDIO
692 548 759 603 SUO
781 547 959 606 SALUTEM.

210 661 238 725 1.
262 663 400 744 Quaeris,
428 681 482 722 cur
509 663 573 741 ipsc
600 661 776 740 iampridem
799 661 980 723 Nemausum
1003 663 1154 742 proiectus

139 761 241 815 vestra
256 771 356 814 serum
370 750 408 811 ob
419 751 576 812 adventum
591 750 739 811 desideria
753 751 923 830 producam.
943 751 1035 812 reddo
1050 771 1154 815 causas

140 842 257 904 reditus
289 840 429 903 tardioris
461 858 516 901 nec
546 857 645 900 moras
672 857 754 901 meas
781 839 909 919 prodere
936 857 1052 922 moror,
1085 845 1154 921 quia

142 949 218 1012 quae
241 931 315 991 mibi
338 929 435 990 dulcia
458 934 527 989 sunt
550 928 605 988 tibi
628 946 754 1008 quoque.
796 930 875 989 inter
898 947 984 1007 agros
1007 934 1154 992 amoenis-
1181 945 1195 986 s

142 1023 248 1101 simos,
270 1019 502 1080 humanissimos
525 1016 675 1098 dominos,
697 1017 870 1079 Ferreolum
894 1025 924 1079 et
946 1017 1154 1101 Apollinarem,

142 1116 261 1188 tempus
285 1107 578 1187 voluptuosissimum
597 1110 690 1186 exegi.
726 1107 917 1186 praediorum
935 1107 982 1168 bis
1001 1110 1067 1168 iura
1085 1127 1154 1170 con-

141 1201 279 1279 termina,
298 1194 447 1258 domicilia
465 1197 570 1277 vicina,
589 1194 697 1274 quibus
714 1198 870 1257 interiecta
884 1197 1009 1275 gestatio
1023 1197 1154 1276 peditem

142 1286 232 1348 lassat
255 1304 352 1366 neque
376 1285 487 1345 sufficit
509 1287 686 1363 equitaturo.
723 1284 814 1346 colles
838 1284 961 1346 aedibus
984 1289 1154 1365 superiores

143 1382 321 1437 exercentur
340 1375 460 1434 vinitori
479 1381 508 1434 et
528 1373 668 1434 olivitori:
692 1373 891 1453 Aracynthum
915 1382 944 1435 et
964 1373 1082 1456 Nysam,
1105 1395 1153 1437 ce·
1168 1391 1194 1432 ro

141 1463 253 1526 lebrata
276 1470 431 1543 poetarum
455 1462 637 1523 carminibus
660 1465 737 1543 iuga,
761 1481 891 1525 censeas.
928 1465 980 1525 uni
1003 1463 1104 1526 domui
1123 1468 1155 1526 iu

143 1553 231 1634 plana
248 1555 448 1633 patentiaque,
467 1551 553 1613 alteri
571 1554 603 1611 in
621 1569 743 1612 nemora
762 1559 951 1633 prospectus3
975 1552 1028 1613 sed
1046 1553 1154 1615 nihilo-

141 1645 241 1703 minus
265 1640 419 1702 dissimilis
443 1642 518 1702 situs
538 1639 675 1701 similiter
694 1639 829 1701 oblectat.
867 1637 895 1700 2.
920 1659 1098 1721 quamquam
1116 1643 1153 1704 dc

141 1731 332 1812 praediorum
356 1729 427 1810 quid
450 1748 530 1790 nunc
553 1728 679 1808 amplius
703 1730 866 1810 positione,
894 1748 962 1790 cum
984 1738 1078 1791 restet
1100 1732 1153 1792 bo·
1220 1748 1226 1768 ¹

142 1820 312 1900 spitalitatis
336 1819 408 1879 ordo
432 1815 633 1880 reserandus?
668 1820 727 1878 iam
749 1819 879 1897 primum
899 1820 1097 1897 sagacissimis
1121 1824 1194 1881 in1⁵

143 1910 200 1970 boc
224 1907 459 1988 exploratoribus
483 1907 648 1988 destinatis,
672 1909 723 1986 qui
741 1907 855 1968 reditus
873 1909 970 1967 nostri
988 1910 1045 1969 iter
1065 1927 1153 1970 aucu-

141 2005 293 2078 parentur,
317 1997 422 2058 domus
445 2002 570 2075 utraque
594 2014 654 2057 non
673 1995 769 2057 solum
787 1998 922 2056 tramites
941 2015 1080 2076 aggerum
1099 2018 1153 2078 pu-

142 2086 289 2148 blicorum
315 2104 419 2147 verum
447 2087 537 2146 etiam
564 2085 652 2146 calles
681 2085 864 2164 compendiis
891 2091 1042 2147 tortuosos
1065 2095 1153 2167 atque

140 2179 272 2255 pastoria
299 2174 479 2236 devertIcula
506 2175 630 2255 insedit,
657 2193 695 2234 ne
724 2192 782 2254 quo
811 2193 882 2234 casu
909 2174 1061 2254 dispositis
1090 2177 1152 2237 olli-

142 2267 257 2326 ciorum
284 2264 401 2325 insidiis
430 2262 623 2324 elaberemur.
665 2281 738 2342 quas
765 2262 939 2345 incidimus,
965 2265 1073 2347 fateor,
1101 2267 1154 2327 sed
1167 2279 1194 2319 20

140 2356 264 2414 minime
292 2355 377 2413 inviti
403 2355 509 2431 iusque
536 2352 695 2413 iurandum
723 2352 880 2413 confestim
906 2353 1050 2432 praebere
1074 2374 1153 2416 com-

140 2442 234 2524 pulsi,
257 2461 309 2523 ne,
331 2444 505 2521 priusquam
529 2448 643 2521 septem
667 2441 730 2501 dies
753 2440 972 2522 evolverentur,
995 2445 1153 2523 quicquam

141 2532 178 2593 de
211 2533 328 2592 itineris
360 2532 455 2592 nostri
487 2531 709 2591 continuatione
738 2530 959 2592 meditaremur.
1005 2530 1034 2593 3.
1063 2535 1154 2612 igitur

142 2639 227 2681 mane
252 2620 399 2680 cotidiano
422 2619 557 2698 partibus
577 2637 667 2697 super
685 2618 802 2698 hospite
820 2621 915 2698 prima
934 2626 964 2681 et
982 2628 1064 2699 grata
1083 2641 1153 2683 con-

139 2712 248 2790 tentio,
272 2727 417 2788 quaenam
439 2710 628 2788 potissimum
651 2710 784 2769 anterius
808 2707 945 2769 edulibus
968 2711 1078 2770 nostris
1103 2730 1152 2771 cu-
1167 2721 1193 2763 ²⁵

140 2798 201 2859 lina
224 2798 364 2879 fumaret3
387 2815 442 2858 nec
466 2816 536 2858 sane
559 2804 677 2877 poterat
699 2816 735 2857 ex
759 2815 853 2875 aequo
877 2797 1016 2858 divisioni
1039 2797 1152 2861 lancem

139 2905 252 2967 ponere
271 2886 453 2967 vicissitudo,
472 2885 541 2948 licet
560 2888 613 2946 uni
632 2886 733 2946 domui
751 2904 877 2966 mecum,
895 2884 982 2946 alteri
996 2905 1063 2946 cnm
1076 2891 1152 2949 meis

140 2974 293 3037 vinculum
320 2975 398 3036 foret
425 2977 669 3057 propinquitatIs,
697 2978 766 3053 quia
789 2972 928 3035 Ferreolo
955 2975 1152 3054 praefectorio

140 3068 205 3126 viro
232 3070 352 3144 praeter
379 3064 630 3125 necessitudinem
659 3063 716 3124 sibi
743 3062 873 3124 debitam
901 3062 987 3124 dabat
1015 3072 1095 3126 aetas
1123 3074 1153 3127 et

141 3153 270 3233 dignitas
297 3155 388 3233 primi
414 3155 580 3214 invitatoris
608 3153 871 3232 praerogativam.¹
895 3148 926 3213 4.
950 3151 1031 3214 ilicet
1059 3173 1075 3214 a
1102 3151 1152 3216 de·
1166 3168 1193 3208 ³⁰

141 3241 219 3304 liciis
242 3245 274 3302 in
297 3241 419 3303 delicias
441 3241 639 3321 rapiebamur.
675 3243 724 3300 vii
748 3240 954 3320 quodcumque
972 3240 1153 3306 vestibulum

141 3333 297 3414 intratum,
322 3339 351 3392 et
374 3348 443 3392 ecce
466 3331 524 3392 buc
548 3331 780 3410 sphaeristarum
803 3333 1049 3394 contrastantium
1070 3337 1154 3413 paria

214 3507 249 3556 14
266 3503 355 3557 restet
369 3501 396 3556 L
414 3509 439 3558 at
458 3505 539 3570 (corr.
554 3503 587 3556 dn
604 3502 695 3556 restat
708 3501 807 3570 N²)N‚
826 3503 917 3556 restat
931 3503 969 3557 M
971 3502 1024 3558 OT
1035 3507 1044 3575 ΙΙ
1059 3509 1091 3561 16
1111 3521 1153 3558 re·

143 3571 218 3628 ditus
238 3573 286 3642 qui
306 3573 330 3628 0
340 3575 349 3643 ll
364 3579 397 3628 25
416 3574 445 3627 et
464 3572 587 3628 anterius
608 3574 633 3628 Τ
644 3577 654 3644 l
668 3579 701 3628 32
720 3573 773 3628 huc
792 3572 989 3644 Mretjolvuvmu
