2636 4032
184 200 227 264 58
548 200 656 254 LIBER
673 200 833 257 TERTIUS.

661 453 717 518 IV.

392 573 558 630 SIDONIUS
577 575 694 630 FELICI
714 575 782 631 SUO
802 574 984 632 SALUTEM.

251 686 278 750 1.
302 687 424 748 Gozolas
448 691 567 750 natione
590 689 727 771 Iudaeus,
749 689 843 751 cliens
867 689 1004 750 culminis
1027 692 1085 771 tul,
1109 692 1202 751 culus

182 777 255 838 mihi
283 795 400 857 quoque
425 784 504 838 esset
526 797 653 858 persona
677 779 773 860 cordi,
801 781 827 839 si
853 797 913 839 non
936 786 1016 840 esset
1040 786 1119 840 secta
1143 779 1202 840 de-

182 868 305 947 spectui,
324 865 420 927 defert
437 867 552 928 litteras
571 885 661 949 meas,
680 886 754 945 quas
773 868 924 947 granditer
943 870 1047 928 anxius
1067 870 1200 929 exaravi.

154 955 322 1036 soppidum
355 955 503 1034 siquidem
533 964 670 1017 nostrum
703 959 788 1036 quasi
824 957 971 1037 quandam
1008 959 1055 1018 sui
1091 957 1200 1018 limitis

182 1044 297 1106 obicem
319 1044 567 1106 circumfusarum
585 1045 671 1106 nobis
695 1049 828 1124 gentium
846 1065 927 1106 arma
945 1047 1118 1107 territicant.
1150 1049 1199 1107 sic

181 1133 364 1194 aemulorum
388 1133 445 1193 sibi
468 1136 499 1194 iu
522 1134 620 1194 medio
643 1137 734 1214 positi
756 1134 948 1196 lacrimabilis
970 1135 1081 1213 praeda
1098 1153 1197 1214 popu-

181 1223 291 1304 lorum,
315 1225 445 1302 suspecti
468 1222 742 1305 Burgundionibus
765 1226 894 1303 proximi
917 1223 1035 1305 Gothia,
1058 1242 1114 1284 nec
1137 1227 1197 1284 im-

180 1318 363 1391 pugnantum
386 1314 430 1372 ira
453 1330 508 1372 nec
526 1320 764 1392 propugnantum
784 1332 919 1373 caremus
938 1312 1058 1373 invidia.
1090 1311 1118 1373 2.
1140 1313 1197 1374 sed

141 1425 166 1464 10
180 1403 269 1461 istinc
297 1399 376 1461 alias.
418 1403 544 1482 interea,
573 1404 599 1462 si
627 1401 673 1462 vel
699 1420 792 1481 penes
820 1420 872 1462 vos
900 1409 981 1462 reeta
1005 1409 1088 1483 sunt,
1115 1401 1196 1462 bene

180 1497 234 1550 est.
267 1507 363 1568 neque
382 1491 462 1550 enlm
480 1490 651 1551 huiusmodi
669 1498 789 1571 pectore
807 1509 919 1571 sumus,
937 1498 979 1572 ut,
997 1489 1068 1552 licet
1082 1493 1197 1570 apertis

179 1580 238 1658 ipsi
260 1580 365 1659 poenis
388 1585 511 1658 propter
534 1582 693 1640 criminum
716 1579 830 1641 occulta
853 1579 1031 1661 plectamur,
1058 1598 1120 1641 non
1143 1582 1193 1658 agi

179 1685 322 1747 prospere
349 1667 396 1728 vel
423 1667 602 1748 ubicumque
632 1668 765 1730 velimus.
811 1688 881 1730 nam
913 1676 1028 1730 certum
1059 1676 1104 1729 est
1131 1687 1196 1729 non

180 1759 278 1817 minus
310 1759 449 1818 vltiorum
482 1775 570 1837 quam
601 1757 732 1819 hostium
762 1776 828 1818 esse
858 1760 1020 1840 captiuum,
1053 1759 1105 1836 qui
1131 1776 1197 1818 non

140 1865 165 1907 ιε
180 1849 268 1907 etiam
290 1849 369 1907 inter
391 1845 467 1906 mala
489 1854 623 1926 tempora
645 1845 724 1908 bona
746 1854 813 1908 vota
836 1849 1004 1908 servaverit.
1045 1845 1116 1908 vale.

666 2090 705 2156 V.

366 2212 533 2268 SIDONIUS
551 2211 714 2268 HYPATIO
734 2211 801 2268 SUO
821 2211 998 2268 SALUTEM.

247 2322 274 2385 1.
304 2324 336 2384 Si
363 2327 408 2386 vir
436 2325 605 2405 spectabilis
632 2345 808 2405 morumque
840 2334 1008 2387 vestrorum
1036 2333 1196 2404 suspector

179 2413 397 2493 admiratorque
416 2414 559 2476 Donidius
581 2415 674 2475 solam
692 2418 838 2476 rationem
857 2415 1035 2476 domesticae
1054 2413 1193 2476 utilitatis

178 2502 340 2584 habuisset,
362 2506 433 2564 satIs
452 2503 627 2583 abundeque
648 2505 799 2566 sufficeret
817 2505 891 2565 fides
909 2511 1008 2565 vestra
1027 2504 1192 2564 commodis

140 2615 166 2654 oo
181 2593 257 2673 suis,
285 2594 342 2652 etsi
369 2592 468 2654 nullus
497 2594 678 2654 intercessor
706 2594 868 2655 accederet.
915 2593 967 2654 sed
996 2611 1095 2653 amore
1123 2611 1191 2653 meo

178 2681 284 2742 ductus
308 2689 363 2763 est,
386 2694 427 2763 ut,
451 2682 530 2762 quod
553 2684 617 2761 ipse
640 2701 694 2762 per
717 2701 749 2744 se
773 2686 991 2763 impetraverat,
1013 2700 1061 2742 me
1080 2681 1192 2742 laceret

177 2770 336 2850 postulare.
373 2773 472 2851 itaque
496 2790 575 2832 nunc
597 2771 705 2832 honori
727 2779 825 2833 vestro
849 2771 898 2832 hic
917 2789 1034 2850 quoque
1054 2770 1192 2832 cumulus

178 2862 334 2941 accrescit,
358 2861 436 2939 quod
460 2860 518 2921 duo
542 2861 689 2921 efficimur
712 2860 875 2941 debitores,
899 2879 967 2921 cum
989 2867 1089 2921 tamen
1112 2877 1208 2936 unus·

178 2967 194 3008 e
218 2948 303 3009 nobis
326 2948 504 3011 beneficium
528 2956 734 3029 consequatur.
776 2948 804 3009 2.
828 2949 1054 3010 Eborolacensis
1076 2948 1193 3028 praedii

138 3059 164 3098 aa
178 3040 266 3098 etiam
295 3045 362 3099 ante
389 3038 531 3100 barbaros
559 3037 720 3099 desolatam
747 3038 949 3115 medietatem,
982 3056 1056 3116 quae
1085 3038 1192 3098 domus
1297 3079 1298 3114 3

178 3129 318 3204 patriciae
337 3130 402 3188 iura
421 3128 508 3188 modo
528 3129 660 3209 respicit,
681 3128 820 3206 suffragio
840 3135 938 3187 vestro
957 3128 1017 3188 iuri
1036 3144 1090 3187 suo
1110 3133 1193 3205 optat
1297 3119 1298 3172 ἶ

178 3215 306 3294 adiungi.
352 3235 448 3296 neque
477 3217 514 3277 ad
545 3216 621 3277 hanc
648 3216 894 3277 nundinationem
927 3215 1046 3277 stimulo
1075 3215 1191 3295 cupidi-

177 3307 247 3364 tatis
266 3304 319 3364 sed
338 3313 477 3384 respectu
495 3308 589 3366 avitae
608 3305 822 3366 recordationis
841 3305 1005 3366 adducitur.
1042 3304 1193 3383 quuidem

249 3496 265 3544 5
285 3491 427 3559 quandam
446 3493 516 3562 LN,
535 3493 677 3562 quendam
690 3495 804 3565 MOTu
819 3500 851 3549 16
870 3499 954 3551 totam
972 3509 1012 3563 ep.
1032 3494 1059 3549 V
1075 3509 1124 3548 om.
1141 3492 1168 3547 Τ
1186 3493 1190 3566 l

177 3564 383 3632 incoeptionem
400 3581 456 3619 troo
474 3581 553 3620 casu
570 3581 628 3620 cae.
648 3581 698 3620 om.
712 3566 740 3619 L
753 3569 763 3635 ΙΙ
