2628 4034
176 217 240 284 308
341 153 346 166 ⁸
576 215 729 272 CARMEN
748 217 794 282 Xl.

264 368 399 427 semiferi
422 365 541 426 Galatea
564 365 650 446 latus,
674 366 752 444 quod
775 365 881 445 pollice
905 367 962 427 lixo

265 455 355 538 vellit,
379 462 408 516 et
432 455 547 516 occulto
572 454 698 533 spondet
721 455 846 516 conubia
870 462 958 516 tactu.

212 559 246 607 40
265 552 328 606 tum
352 546 483 624 gaudens
506 551 664 624 torquente
687 547 753 604 ioco
777 544 913 605 subridet
935 552 1048 606 amator

264 633 385 695 vulnere
409 636 526 713 iamque
550 652 633 694 suam
656 635 791 712 parcenti
813 635 907 712 pistre
930 634 1065 713 flagellat.

263 742 341 803 pone
365 723 445 784 subit
467 725 575 783 turmis
598 721 791 802 flagrantibus
814 740 920 801 agmen
942 724 1097 805 Amorum3

265 813 314 873 hic
338 811 456 872 cohibet
479 811 618 891 delphina
641 814 727 892 rosis,
751 811 897 889 viridique
921 814 1045 873 iuvenco

263 901 313 961 hic
336 908 437 962 vectus
462 903 570 979 spretis
593 900 704 980 pendet
725 918 780 978 per
803 918 913 961 cornua
937 901 1044 982 irenis3

212 1002 245 1051 45
264 991 297 1050 hi
320 997 431 1051 stantes
454 995 537 1050 motu
559 989 689 1050 titubant
710 989 868 1068 plantaque
891 989 1023 1058 madenti

266 1079 406 1140 labuntur
428 1079 605 1157 firmantque
628 1077 738 1157 pedum
762 1080 886 1157 vestigia
908 1081 1023 1158 pennis.

267 1167 317 1228 illa
340 1175 495 1229 recurvato
518 1167 679 1228 demiserat
703 1185 755 1230 ora
777 1167 888 1246 lacerto

267 1257 381 1338 mollia;
404 1256 576 1317 marcebant
598 1255 691 1316 violae
715 1258 891 1335 graviorque
916 1275 1022 1335 sopore

266 1352 404 1425 coeperat
427 1347 529 1406 attritu
553 1345 660 1406 llorum
684 1344 864 1406 descendere
888 1348 995 1406 cervix.

214 1446 248 1496 50
268 1433 348 1496 solus
372 1435 408 1495 de
431 1453 557 1495 numero
580 1435 704 1495 fratrum
729 1437 781 1512 qui
803 1434 956 1514 pulchrior
978 1434 1028 1495 ille
1052 1441 1099 1495 est

267 1524 368 1584 deerat
391 1525 490 1605 Amor,
512 1524 594 1591 dum¹
607 1523 681 1584 lesta
703 1530 788 1602 parat
812 1522 1006 1584 celeberrima
1029 1523 1130 1605 Gallis,

267 1631 342 1692 quae
366 1631 452 1674 socer
475 1612 648 1692 Ommatius,
671 1630 846 1691 magnorum
869 1614 963 1672 maior
986 1631 1107 1674 avorum

265 1704 466 1781 patriciaeque
490 1720 583 1780 nepos
607 1703 712 1784 gentis,
735 1708 821 1762 natae
844 1719 1013 1781 generoque

266 1791 375 1852 excolit
398 1792 539 1870 auspiciis
562 1791 676 1851 faustis.
723 1789 775 1850 sed
798 1789 882 1851 fulsit
904 1797 937 1851 ut
959 1790 1009 1851 ille

215 1891 247 1940 56
267 1880 342 1940 lorte
367 1880 440 1963 dies,
464 1885 588 1940 matrem
612 1879 703 1940 celeri
725 1881 800 1958 petit
823 1881 887 1959 ipse
911 1879 1018 1961 volatu,

268 1971 316 2029 cui
339 1969 396 2049 sax,
420 1987 516 2050 arcus,
539 1975 660 2048 gorytus
682 1967 839 2047 pendebat.
886 1975 915 2029 at
938 1968 988 2029 ille

268 2076 397 2118 cernuus
420 2064 450 2118 et
472 2057 570 2118 laevae
593 2056 727 2136 pendens
751 2059 781 2116 in
805 2060 937 2136 margine
960 2057 1073 2137 palmae

269 2146 391 2207 libratos
414 2165 469 2225 per
492 2148 580 2206 inane
603 2146 695 2224 pedes
719 2145 894 2207 adverberat
916 2146 980 2228 alis,

269 2234 368 2296 oscula
392 2237 435 2295 sic
458 2237 561 2295 matris
585 2253 710 2314 carpens
734 2253 897 2314 somnoque
920 2237 1036 2296 refusae

215 2337 248 2386 60
268 2327 449 2403 semisopora
472 2323 530 2384 levi
554 2323 703 2403 scalpebat
725 2323 837 2385 lumina
859 2343 964 2404 penna.

268 2420 330 2473 tum
353 2415 437 2492 prior
459 2413 506 2474 his
530 2413 626 2474 alacer
649 2416 760 2493 coepit:
784 2409 870 2474 ‘nova
893 2414 998 2493 gaudia
1021 2421 1108 2493 porto

267 2502 362 2562 felicis
385 2502 522 2583 praedae,
544 2504 687 2580 genetrix.
734 2500 809 2563 calet
832 2502 881 2563 ille
906 2501 1053 2582 superbus

266 2590 406 2651 Ruricius
428 2593 540 2651 nostris
559 2591 672 2652 facibus
696 2591 834 2670 dulcique
857 2609 971 2652 veneno

267 2687 362 2741 tactus
385 2683 513 2741 votivum
539 2682 669 2759 suspirat
692 2680 780 2740 corde
804 2679 944 2746 dolorem.

216 2776 347 2831 obesset
370 2772 396 2830 si
419 2787 562 2848 praesens
585 2776 674 2853 actae,
697 2769 884 2848 impenderet
907 2769 950 2830 illi

268 2857 406 2919 Lemnias
429 2861 597 2940 imperium,
621 2857 726 2918 Cressa
750 2865 865 2919 stamen
887 2857 1057 2939 labyrinthi,

269 2946 385 3008 Alceste
408 2949 507 3029 vitam,
531 2946 615 3008 Circe
639 2947 755 3028 herbas,
778 2965 865 3026 poma
889 2947 1023 3028 Calypso,

270 3035 365 3115 Scylla
388 3055 497 3118 comas,
519 3035 653 3096 Atalanta
675 3036 777 3117 pedes,
799 3036 901 3097 Medea
925 3037 1052 3117 luroreS,

268 3124 450 3204 Hippodame
475 3143 567 3206 ceras,
591 3143 683 3204 cygno
706 3125 773 3185 love
796 3132 864 3186 nata
888 3143 1039 3205 eoronam3

219 3227 252 3274 70
271 3213 340 3274 huic
363 3213 437 3275 Dido
461 3217 492 3273 in
515 3214 637 3296 sermm,
661 3213 750 3275 simul
772 3216 804 3274 in
828 3214 987 3294 suspendia
1010 3212 1130 3296 Phyllis,

252 3442 285 3490 50
304 3437 364 3510 ille]
385 3439 419 3506 cf.
439 3456 460 3494 c.
480 3439 513 3506 V,
528 3442 598 3504 §ab
622 3439 730 3507 XXII,
743 3443 802 3494 218
828 3440 838 3509 ΙΙ
866 3443 900 3494 56
919 3437 999 3492 cuius
1021 3436 1107 3492 GPT
1130 3439 1135 3505 Ι
1161 3456 1202 3493 an
1292 3467 1293 3476 κ

183 3507 367 3647 εἰξέοθιιῖἀθωὴῖ
395 3509 586 3577 Loetjobano,⁸
615 3509 663 3562 fax
687 3527 767 3565 arcus
791 3511 907 3580 gorytus
932 3509 1032 3582 [iners]
1054 3508 1203 3578 pendebat
