2660 4030
175 190 241 255 154
521 189 630 244 LIBER
649 189 834 245 SEPTIMUS.

174 339 287 401 tillasre
320 339 583 400 controversalium
615 339 812 401 clausularum
844 338 931 400 libuit
963 343 1067 420 aptari.
1119 359 1189 401 nam

175 447 243 490 cum
272 447 320 488 me
352 430 483 508 partium
511 428 672 489 seditiones
700 429 797 490 studia
825 431 981 490 varietates
1008 431 1041 489 in
1068 428 1186 490 diversa

174 524 339 599 raptarent,
367 519 410 577 sic
438 517 568 577 dictandi
595 517 668 578 mihi
692 520 845 578 materiam
869 517 1046 597 suggerebat
1066 520 1187 599 iniuria,

175 607 253 686 quod
286 613 402 687 tempus
435 608 588 686 occupatio
622 605 820 668 subtrahebat.
871 609 980 668 etenim
1012 613 1094 668 tanta
1123 614 1188 668 erat
1242 663 1246 669 .

94 723 102 738 ·
147 695 260 756 sturba
287 697 528 778 competitorum,
559 703 592 756 ut
623 695 779 757 cathedrae
806 697 895 757 unius
923 697 1187 757 numerosissimos

174 783 345 864 candidatos
376 803 432 846 nec
464 785 522 846 duo
550 787 684 864 recipere
712 803 829 846 scamna
857 787 1032 864 potuissent.
1083 803 1188 846 omues

173 873 328 952 placebant
360 873 431 954 sibi,
463 892 566 935 omnes
599 873 736 934 omnibus
768 873 971 954 displicebant.
1027 871 1056 936 3.
1088 891 1187 953 neque
1217 911 1220 920 ·

175 961 281 1040 [enim]
315 962 510 1024 valuissemus
542 963 651 1042 aliquid
684 964 716 1023 in
744 981 899 1023 commuue
927 961 1096 1044 consulere,
1128 965 1188 1024 uisi

174 1052 282 1112 iudicii¹
297 1054 344 1112 sui
362 1052 474 1112 iaciens
492 1051 576 1131 plebs
591 1051 680 1112 lenita
694 1053 839 1112 iacturam
852 1051 1027 1112 sacerdotali
1041 1069 1073 1112 se
1087 1054 1187 1131 potius

134 1165 160 1204 ao
174 1140 283 1201 iudicio
312 1139 505 1221 subdidisset,
532 1140 775 1220 presbyterorum
802 1158 872 1201 sane
899 1142 1002 1220 paucis
1026 1140 1188 1220 angulatim

173 1229 436 1310 fringultientibus,
458 1247 548 1309 porro
573 1236 671 1290 autem
693 1228 789 1308 palam
811 1247 849 1290 ne
871 1229 1097 1291 mussitantibus
1120 1232 1186 1309 qui-

174 1317 251 1400 dem,
270 1320 338 1398 quia
357 1317 491 1398 plerique
511 1336 571 1378 non
589 1319 688 1378 minus
708 1337 794 1379 suum
813 1313 901 1397 quam
920 1318 1050 1398 reliquos
1065 1318 1188 1379 ordines
1286 1379 1290 1386 ,

173 1407 430 1486 pertimescebant.
476 1409 580 1489 igitur,
606 1406 675 1468 dum
698 1406 817 1487 publice
840 1413 918 1467 totos
942 1407 1050 1486 singuli
1074 1415 1188 1487 cavent,

174 1496 283 1557 lactum
302 1503 356 1577 est,
375 1503 408 1557 ut
427 1515 530 1557 omnes
548 1515 609 1557 non
627 1504 821 1576 aspernanter
839 1496 984 1577 audirent,
1004 1497 1082 1576 quod
1102 1495 1187 1556 deiu-

135 1607 161 1648 15
174 1603 245 1665 ceps
268 1585 432 1646 ambienter
454 1592 645 1665 exponerent
682 1583 712 1646 4.
731 1587 831 1664 itaque
853 1587 990 1664 paginam
1013 1603 1095 1646 sume
1115 1585 1187 1646 sub-

174 1673 244 1735 ditis
271 1673 469 1735 voluminibus
497 1675 676 1755 adiunctam,
705 1692 794 1754 quam
821 1673 935 1734 duabus
961 1674 1069 1753 vigiliis
1095 1676 1187 1736 unius

174 1765 270 1824 noctis
293 1765 418 1825 aestivae
438 1762 556 1824 Christo
579 1770 655 1823 teste
678 1763 818 1823 dictatam
840 1762 1001 1843 plurimum
1023 1781 1128 1823 vereor
1146 1782 1185 1824 ne

173 1855 232 1932 ipsi
255 1852 380 1932 amplius
402 1851 537 1932 lectioni,
565 1870 639 1931 quae
663 1852 718 1912 hoo
742 1852 778 1912 de
803 1871 834 1912 se
857 1851 976 1932 probat,
1000 1870 1088 1930 quam
1111 1852 1186 1912 mihi

174 1942 285 2003 credas.
322 1943 436 2016 niemor
458 1943 554 2001 nostri
577 1959 642 2001 esse
667 1940 801 2021 dignare,
824 1940 942 2000 domine
965 1958 1052 2020 papa.
1119 1955 1127 1972 ·

133 2160 159 2199 20
230 2103 234 2113 ’
608 2144 752 2204 courro.

1009 2195 1023 2230 0

173 2255 202 2321 5.
226 2258 328 2319 llclert
350 2260 474 2320 historia
497 2260 670 2341 saecularis,
697 2261 897 2341 dilectissimi,
920 2259 1067 2339 quendam
1089 2260 1186 2339 philo-

166 2348 334 2427 sophorum
357 2348 511 2428 discipulis
531 2349 755 2411 advenientibus
774 2352 857 2430 prius
876 2350 994 2410 tacendi
1011 2351 1186 2429 patientiam

174 2454 261 2514 quam
291 2435 433 2516 loquendi
465 2446 645 2500 monstrasse
678 2438 842 2499 doctrinam
875 2446 905 2499 et
937 2440 980 2498 sic
1007 2441 1184 2518 incipientes

173 2543 308 2604 quosque
330 2529 410 2586 inter
433 2528 646 2608 disputantium
665 2536 928 2589 consectaneorum
946 2527 1101 2588 cathedras
1119 2545 1185 2587 mu-

133 2639 159 2678 as
173 2621 235 2674 tum
256 2617 433 2677 sustinuisse
453 2619 698 2697 quinquennium,
721 2624 754 2678 ut
773 2620 861 2677 etiam
881 2615 1024 2677 celeriora
1043 2634 1185 2695 quorum-

172 2706 251 2782 piam
269 2706 388 2782 iugeuia
407 2724 466 2767 non
485 2707 589 2768 liceret
608 2713 674 2766 ante
691 2705 805 2766 laudari
819 2724 907 2784 quam
921 2705 1041 2767 deceret
1054 2708 1183 2784 agnosci.

172 2795 212 2852 ita
240 2792 340 2874 fiebat,
368 2801 400 2855 ut
428 2796 548 2856 eosdem
575 2803 643 2874 post
670 2794 788 2873 longam
815 2796 1046 2855 taciturnitatem
1068 2794 1184 2855 locutos

172 2883 297 2960 quisquc
317 2883 419 2944 audire
435 2891 581 2965 coeperat,
599 2902 660 2944 non
676 2890 803 2965 tacerct;
822 2886 900 2966 quia,
919 2884 1013 2944 donee
1028 2884 1184 2943 scientiam

172 2976 277 3030 natura
300 2970 481 3053 combiberit,
509 2991 569 3034 non
592 2975 686 3032 maior
710 2979 755 3033 cst
778 2973 877 3052 gloria·
894 2973 1005 3033 dixisse
1029 2972 1108 3051 quod
1130 2990 1183 3032 no-

132 3080 158 3120 so
171 3061 250 3119 veris
267 3078 354 3140 quam
374 3060 491 3123 siluisse
511 3061 590 3142 quod
603 3063 727 3122 nescias.
765 3059 794 3122 6.
814 3068 843 3121 at
855 3079 934 3122 nunc
948 3062 1185 3122 mediocritatem

171 3165 268 3208 meam
297 3157 397 3211 mauet
422 3151 508 3230 longe
536 3150 652 3212 diversa
680 3139 828 3232 o'oudicio,
855 3153 904 3211 cui
927 3169 982 3230 per
1005 3152 1184 3230 suspiriosas

243 3342 259 3390 8
279 3337 353 3392 enim
372 3355 422 3394 om.
442 3339 475 3407 V,
492 3355 513 3394 c.
532 3341 550 3394 l.
570 3341 634 3394 adol.
649 3340 705 3407 M1,
727 3342 836 3396 seclusit
853 3340 1029 3408 Luetjobonn
1050 3341 1060 3408 ss
1083 3345 1117 3392 15
1138 3355 1184 3392 ex-

171 3410 309 3474 ponerent
327 3409 360 3462 N
363 3409 426 3473 OT,
449 3411 614 3490 expeterent
631 3411 741 3480 ΠΜ,
763 3429 821 3467 cor.
841 3414 912 3479 lect,
935 3427 1017 3480 quom
1038 3427 1059 3465 o.
1080 3411 1098 3466 l.
1118 3412 1184 3466 odd.

172 3478 227 3544 M1,
245 3495 313 3534 erae.
329 3480 376 3532 Μ’
389 3483 398 3549 ΙΙ
412 3485 447 3533 at
465 3480 661 3549 dxsputa-ntum
676 3482 702 3536 Τ
713 3486 722 3553 ΙΙ
736 3487 770 3537 27
785 3499 832 3537 eos
848 3485 939 3552 01128
953 3482 1073 3552 taceret]
1087 3483 1184 3537 tacere

171 3547 298 3616 placeret
315 3551 465 3606 Mommsen
479 3554 488 3620 l
