2628 4034
526 220 676 277 dannan
695 222 741 278 IX.

290 373 403 432 insanis
427 372 577 449 equitasse
601 370 817 430 cum-catervis

289 461 477 538 admissoque
501 461 532 519 in
554 459 651 519 Athon
674 465 806 519 tumente
829 466 920 536 ponto

287 551 370 610 iuxta
392 547 570 608 frondiferae
595 565 736 608 cacumen
759 547 841 625 Alpis

289 637 415 716 scalptas
439 636 583 698 classibus
606 639 667 697 isse
691 654 746 716 per
769 654 917 697 cavernas.

237 739 272 790 66
334 724 401 786 Non
423 725 538 805 prolem
562 723 759 786 Garamantici
783 725 939 805 Tonantis,

288 816 389 894 regnis
414 813 659 893 principibusque
682 816 915 895 principantem,

287 911 440 983 porrectas
463 904 549 963 Asiae
573 903 677 981 loquar
698 910 822 983 paterno

290 998 389 1054 actum
412 991 534 1052 fulmine
557 991 726 1069 pervolasse
749 999 845 1052 terras

289 1088 320 1142 et
341 1083 471 1160 primum
493 1080 575 1141 Darii
597 1080 811 1141 tumultuantes

237 1182 270 1232 66
290 1170 456 1250 praefectos
481 1177 671 1248 satrapasque
694 1168 875 1251 perculisse,

289 1276 358 1318 mox
382 1260 481 1337 ipsum
504 1257 579 1319 solio
602 1265 721 1337 patrum
745 1257 906 1337 superbum

289 1353 487 1426 cognatosque
513 1346 570 1406 sibi
594 1348 665 1407 deos
688 1353 858 1426 crepantem

289 1437 384 1515 captis
408 1438 547 1514 coniuge,
570 1434 687 1517 liberis,
709 1442 832 1514 parente

289 1527 321 1585 in
345 1542 431 1584 casus
454 1524 584 1584 hominis
607 1524 705 1585 redire
729 1527 859 1605 iussum3

237 1627 271 1677 66
291 1615 342 1692 qui
366 1631 433 1674 cum
457 1615 584 1673 maxima
607 1612 685 1673 bella
708 1615 887 1674 concitasset

288 1709 350 1763 tota
373 1709 404 1764 et
426 1701 558 1763 Persidis
581 1701 712 1780 undique
736 1708 871 1780 gregatae

288 1808 347 1852 uno
372 1793 576 1852 constituisset
598 1809 680 1851 arma
702 1809 819 1871 campo,

288 1880 344 1940 hoc
368 1879 463 1940 solum
482 1878 656 1958 perhibetur
679 1886 846 1960 assecutus,

290 1968 419 2028 dormire
443 1976 477 2028 ut
499 1968 606 2029 melius
629 1967 736 2029 liberet
758 1968 846 2028 hosti.

238 2069 272 2118 66
336 2053 402 2116 Non
425 2063 525 2116 vectos
548 2057 661 2136 Minyas
684 2057 823 2136 loquente
847 2056 920 2117 silva

289 2144 386 2204 dicam
408 2144 548 2205 Phasiaco
573 2148 691 2207 stetisse
714 2155 818 2228 portu,

291 2233 385 2294 forma
407 2235 521 2312 percita
544 2252 612 2294 eum
634 2235 720 2295 ducis
743 2234 859 2314 Pelasgi

289 2321 419 2382 molliret
446 2320 565 2382 rabidos
588 2325 688 2402 virago
711 2330 826 2405 tauros,

289 2428 345 2471 nec
368 2417 433 2471 tum
455 2413 572 2491 territa,
596 2430 664 2471 cum
688 2430 760 2472 snus
784 2412 906 2474 colonus

237 2513 270 2562 70
289 2503 357 2579 post
380 2501 484 2578 anguis
508 2498 612 2559 domiti
635 2506 714 2560 satos
737 2499 863 2560 molares

291 2595 419 2648 armatas
442 2587 657 2650 tremebundus
680 2590 759 2648 inter
781 2587 889 2648 herbas

290 2676 397 2738 llorere
421 2679 453 2737 in
477 2683 608 2755 segetem
631 2683 765 2756 stuperet
786 2676 903 2736 hostem

289 2772 320 2825 et
341 2764 541 2844 pugnantibus
563 2766 634 2826 hinc
657 2773 687 2826 et
709 2766 779 2826 hinc
802 2767 902 2825 aristis

291 2871 380 2932 supra
404 2853 555 2916 belliferas
578 2854 698 2916 madere
721 2853 839 2933 glaebas

238 2954 270 3004 75
291 2941 438 3003 culmosos
461 2942 549 3002 viridi
572 2961 678 3004 eruore
702 2943 817 3003 fratres.

334 3030 400 3091 Non
422 3032 470 3091 hio
493 3033 674 3111 terrigenam
697 3031 801 3110 loquar
824 3031 976 3092 cohortem

290 3118 419 3180 admixto
443 3138 527 3199 mage
550 3120 677 3181 vividam
700 3138 827 3200 veneno,

291 3209 339 3268 cui
362 3214 481 3287 praeter
504 3211 635 3288 speciem
658 3208 745 3269 modo
769 3215 920 3270 carentem

290 3314 402 3376 angues
426 3297 602 3376 corporibus
626 3297 818 3359 voluminosis

201 3507 234 3558 66
254 3502 361 3574 actum]
381 3505 422 3560 otc
439 3505 516 3560 codd.
539 3505 549 3574 l
576 3511 610 3560 67
631 3504 698 3560 deos
717 3503 774 3558 sibi
794 3504 820 3559 Τ
843 3507 853 3575 ΙΙ
881 3511 913 3559 66
932 3505 1029 3558 vectos
1048 3475 1151 3576 uulgop

127 3589 226 3630 veseos
247 3573 335 3643 0PT,
355 3590 453 3630 vescas
474 3576 517 3646 F;
536 3594 574 3631 an
591 3575 716 3646 priseos?
734 3577 934 3646 Loeijohomnl
