2628 4034
165 211 232 277 270
571 210 723 265 ΟΑΒΜΕΝ
741 209 775 266 V.

254 359 390 422 hostibus
414 359 545 439 expulsis
568 377 705 438 campum
729 361 780 438 qui
802 361 950 420 maximus
973 369 1053 418 extat

254 453 313 511 iam
337 449 463 510 lustrare
487 455 582 531 vacat3
605 449 706 509 videas
728 449 777 508 hic
801 454 898 527 strage
923 446 978 507 sub
1000 445 1050 506 illa

255 548 450 618 utrorumque
474 540 601 598 animos:
624 536 723 598 nullus
746 555 806 598 non
829 542 950 616 pectore
974 553 1089 617 caesus,

255 630 391 708 quisquis
413 635 513 688 vester
535 635 611 708 erat3
634 626 733 688 nullus
757 644 817 686 non
840 633 923 703 terga
946 625 1069 705 foratus,

182 729 235 779 435
254 717 372 778 illorum
398 719 541 797 quisquis.
588 715 715 776 clamant
737 716 794 776 hoc
816 715 938 776 vulnera
961 715 1051 792 primi

253 805 437 886 praedonum
459 813 523 866 tum
545 806 622 866 forte
646 805 739 886 ducis,
762 807 812 865 cui
835 804 915 883 regis
939 804 1020 862 avari

253 902 391 956 narratur
413 898 551 974 nupsisse
575 912 670 974 soror,
694 896 746 973 qui
767 893 889 973 pulvere
914 908 1000 952 caeco

254 985 372 1045 clausus
397 990 426 1044 et
449 983 541 1044 elisus
563 983 633 1062 pilis
657 985 780 1061 vestigia
803 984 899 1061 turpis

254 1079 350 1153 gestat
372 1073 467 1134 adhuc
490 1071 634 1152 probrosa
657 1072 751 1151 fugae.
798 1074 841 1132 sic
864 1071 982 1149 agmina
1004 1075 1105 1129 vestra

182 1174 235 1224 440
255 1180 322 1223 cum
346 1161 449 1240 spoliis
473 1179 609 1240 campum
632 1163 763 1222 retinent
787 1167 817 1221 et
839 1159 931 1220 Marte
954 1159 1104 1218 fruuntur.

253 1254 367 1312 interea
389 1249 502 1329 duplici
525 1253 602 1310 texis
624 1250 697 1310 dum
719 1249 806 1310 litore
831 1248 955 1309 classem

253 1341 370 1401 inferno
395 1357 562 1419 superoque
585 1341 669 1418 mari,
693 1338 772 1399 cadit
795 1340 891 1398 omnis
913 1339 945 1396 in
968 1352 1080 1413 aequor

254 1429 326 1489 silva
348 1427 405 1488 tibi
428 1430 612 1508 nimiumque
636 1427 687 1488 diu
709 1446 764 1507 per
786 1434 945 1505 utrumque
969 1425 1093 1505 recisus,

253 1517 436 1599 Appennino,
458 1517 544 1598 latus,
567 1516 662 1577 navali
686 1519 737 1595 qui
760 1515 865 1577 arbore
889 1515 971 1575 dives

180 1619 232 1668 445
251 1625 311 1668 non
329 1609 428 1667 minus
445 1609 478 1666 iu
496 1606 618 1686 pelagus
636 1623 792 1666 nemorum
812 1623 900 1684 quam
914 1605 1007 1663 mittis
1022 1624 1186 1685 aquarum.

252 1695 344 1756 Gallia
367 1697 516 1756 continuis
540 1713 717 1774 quamquam
742 1696 781 1754 sit
803 1693 880 1754 lassa
903 1692 1033 1776 tributis,

251 1785 307 1846 hoo
331 1803 422 1846 censu
445 1785 593 1864 placuisse
617 1785 699 1863 cupit
722 1802 777 1844 nec
799 1783 931 1862 pondera
954 1787 1054 1864 sentit,

252 1892 327 1953 quae
350 1873 493 1953 prodesse
517 1872 630 1953 probat.
675 1891 736 1933 non
758 1873 849 1932 tantis
872 1873 967 1931 maior
990 1871 1110 1933 Atrides

251 1962 439 2042 Carpathium
464 1965 537 2022 texit
559 1961 682 2042 ratibus,
706 1980 773 2022 oum
796 1960 920 2020 Doricus
943 1960 1037 2022 hostis

181 2063 234 2114 450
253 2052 354 2130 Sigeas
378 2057 517 2130 rapturus
542 2069 613 2130 opes
638 2049 780 2111 Rhoeteia
803 2049 911 2110 clausit

253 2140 407 2220 Pergama3
430 2157 486 2200 nec
508 2146 607 2200 tantae
632 2140 739 2200 Seston
762 2141 918 2199 iuncturus
941 2138 1042 2218 Abydo

251 2228 366 2289 Xerxes
389 2228 494 2288 classis
517 2235 589 2310 erat,
611 2229 741 2289 tumidas
765 2246 833 2289 cum
857 2233 1005 2289 sterneret
1026 2228 1125 2288 undas

252 2326 282 2378 et
304 2323 428 2396 pontum
451 2316 506 2377 sub
529 2325 619 2396 ponte
643 2318 735 2398 daret,
759 2335 826 2378 cum
851 2324 953 2395 stagna
976 2316 1107 2395 superbo

251 2409 360 2485 irrupit
382 2413 525 2467 temerata
548 2407 641 2485 gradu
664 2414 838 2484 turmaeque
862 2406 1033 2485 frequentes

181 2508 233 2558 455
253 2494 490 2574 Hellespontiaco
514 2495 715 2575 persultavere
738 2494 897 2575 prolund03

252 2603 307 2644 nec
331 2587 374 2644 sic
397 2583 544 2645 Leucadio
569 2584 672 2646 classis
695 2584 853 2644 Mareotica
875 2591 964 2662 portu

251 2673 385 2734 Actiacas
409 2673 563 2734 abscondit
586 2692 685 2753 aquas,
709 2675 740 2734 in
763 2671 839 2733 bella
862 2674 961 2732 mariti

252 2763 322 2823 dum
345 2765 426 2823 venit
449 2781 465 2823 a
488 2761 574 2823 Fario
599 2761 705 2822 dotalis
729 2760 815 2822 turha
840 2760 968 2841 Canopo,

252 2871 320 2912 cum
342 2854 439 2931 patrio
463 2851 617 2931 Cleopatra
640 2852 723 2911 ferox
748 2851 928 2911 circumdata
952 2852 1041 2910 sistro

182 2953 234 3003 460
253 2940 347 3001 milita
371 2940 418 3001 vel
441 2943 525 3020 piceo
550 2939 644 3001 fulvas
667 2945 787 3000 onerata
811 2941 926 3000 carinas

250 3029 359 3090 Dorida
383 3030 521 3091 diffusam
544 3037 693 3109 premeret
715 3028 896 3089 Ptolomaide
920 3045 998 3106 gaza.

250 3118 307 3179 hoc
329 3126 362 3179 tu
385 3137 446 3179 non
469 3118 551 3180 cultu
574 3137 697 3200 pugnas,
720 3117 773 3178 sed
796 3136 878 3178 more
902 3119 1037 3196 priorum

250 3207 311 3267 dite
335 3210 429 3286 magis
452 3208 541 3290 ferro,
564 3210 671 3268 merito
695 3209 744 3269 cui
767 3206 900 3267 subiacet
923 3223 1028 3266 aurum

251 3294 351 3356 divitis
375 3299 480 3376 ignavi.
527 3296 663 3358 talesne
688 3313 794 3376 sperne
818 3293 961 3355 rebelles:

232 3436 285 3485 444
302 3431 399 3486 navali
417 3431 467 3500 qni
485 3449 546 3504 epo,
569 3429 719 3499 navalique
737 3432 827 3498 codd„
846 3429 943 3484 navali
960 3427 1060 3484 robore
1084 3429 1177 3486 Wita-

160 3504 266 3558 moenita
279 3506 288 3571 ΙΙ
302 3507 362 3559 447.
381 3507 433 3556 448
452 3519 504 3557 nee
523 3521 550 3572 p.
570 3519 591 3558 s.
610 3519 637 3570 q.
656 3520 683 3572 p.
701 3501 804 3570 probat
822 3518 872 3558 om.
890 3502 935 3570 Pl
952 3498 1042 3554 sensit
1061 3499 1151 3555 ΟΤΙ*
1166 3501 1176 3574 ll

161 3578 213 3626 464
233 3589 332 3642 sperne
349 3572 460 3627 labores
478 3573 526 3643 Pl
