2628 4034
176 196 241 262 326
549 197 700 256 CARMEN
716 199 815 253 1111111.

629 413 732 480 XVII.

490 535 539 590 AD
558 536 592 592 V.
611 537 640 592 G.
660 535 868 591 OMMATIUM.

244 649 390 721 Quattuor
413 657 480 710 aule
504 649 568 711 dies
593 668 679 728 quam
703 649 754 710 lux
778 649 899 710 Sextilis
922 649 1019 710 adusti

311 741 407 819 prima
431 739 602 818 spiciferum
626 739 757 818 proferat
781 738 851 799 orbe
876 746 976 822 caput,

241 826 348 889 natalis
371 829 482 888 nostris
506 828 639 888 decimus
664 835 823 906 sextusque
848 828 975 909 coletur,

308 917 433 977 adventu
458 915 528 976 felix
552 919 604 996 qui
626 919 701 996 petit
724 935 790 977 csse
814 923 873 977 tuo.

207 1018 303 1067 onon
325 1005 380 1066 tibi
403 1007 558 1084 gemmatis
580 1012 730 1085 ponentur
752 1005 876 1085 prandia
900 1007 1027 1086 mensis,

308 1096 446 1174 Assyrius
470 1111 574 1154 murex
597 1112 652 1155 nec
675 1093 731 1154 tibi
754 1097 847 1172 sigma
871 1093 965 1175 dabit;

241 1202 297 1244 nec
319 1202 374 1263 per
396 1182 575 1262 multiplices
598 1182 687 1244 abaco
712 1183 885 1262 splendente
910 1201 1049 1243 cavernas

308 1274 422 1350 argenti
445 1274 523 1351 nigri
546 1271 678 1350 pondera
701 1271 865 1352 defodiam;

241 1380 297 1422 nec
320 1360 447 1440 scyphus
470 1360 519 1421 hic
542 1360 673 1442 dabitur,
697 1360 786 1421 rutilo
811 1363 860 1421 'cui
883 1367 958 1421 forte
981 1359 1101 1420 metallo

191 1464 223 1512 10
309 1456 473 1510 crustatum
497 1451 622 1528 stringat
644 1449 753 1510 tortilis
777 1468 848 1510 ansa
870 1449 955 1510 latus

241 1538 353 1600 fercula
377 1545 446 1598 sunt
468 1538 554 1599 noble
578 1539 752 1618 mediocria,
776 1557 835 1598 non
860 1541 900 1598 ita
924 1539 1012 1617 facta,

308 1646 465 1690 mensurae
488 1637 522 1687 ut
545 1628 664 1706 grandis
688 1627 823 1707 suppleat
846 1646 894 1688 ars
918 1629 1057 1707 pretium.

241 1735 301 1777 non
324 1735 416 1796 panes
438 1715 547 1795 Libyca
571 1716 673 1776 solitos
696 1717 855 1777 flavescere
879 1715 965 1795 Syrte

307 1807 433 1884 accipiet
456 1804 531 1865 Galli
553 1807 665 1866 rustica
687 1823 790 1866 mensa
813 1808 866 1866 tui.

192 1907 223 1956 15
243 1896 310 1958 vina
334 1895 407 1955 mini
430 1912 490 1954 non
514 1901 582 1954 sunt
605 1893 754 1976 Gazetica,
777 1893 865 1976 Chia,
885 1892 1008 1954 Falerna

309 2002 443 2064 quaeque
467 1982 629 2062 Saraptano
652 1983 772 2061 palmite
796 1985 888 2044 missa
910 1981 1003 2043 bibas.

241 2071 346 2152 pocula
370 2091 429 2132 non
451 2071 500 2132 hic
524 2077 593 2131 suut
616 2070 743 2132 illustria
767 2073 886 2132 nomine
910 2073 990 2152 pagi,

307 2160 386 2240 quod
410 2162 510 2238 posuit
531 2162 643 2220 nostris
666 2163 730 2239 ipse
754 2163 891 2222 triumvir
915 2163 1002 2238 angs.

239 2257 272 2310 tu
295 2257 393 2309 tamen
416 2255 449 2309 ut
472 2249 573 2309 venias
595 2251 737 2330 petimus;
761 2249 842 2310 dabit
865 2253 963 2310 omnia
987 2248 1146 2330 Christus,

187 2351 222 2399 20
308 2338 356 2398 hic
379 2338 452 2397 mihi
476 2339 527 2417 qui
549 2339 675 2416 patrIam
698 2339 769 2399 fecit
791 2357 890 2400 amore
914 2346 974 2399 tuo.

622 2533 742 2630 1111111.
810 2622 827 2638 ,,

432 2685 480 2740 Du
500 2685 655 2741 BALNIIIS
674 2685 807 2741 vinnan
828 2685 928 2741 SUAE.

242 2799 274 2859 Si
299 2801 366 2878 quis
389 2799 541 2860 Avitacum
566 2800 697 2878 dignaris
721 2802 817 2860 visere
841 2808 989 2880 nostram,

300 2906 367 2949 non
391 2887 447 2949 tibi
470 2887 642 2968 displiceat:
666 2891 723 2968 sic,
747 2889 826 2967 quod
848 2887 954 2970 hahes,
976 2888 1098 2969 placeat.
1139 2953 1141 2960 ,

242 2976 355 3038 aemula
378 2977 487 3037 Baiano
510 2975 655 3039 tolluntur
678 2977 805 3038 culmIna
825 2971 898 3038 cono

306 3085 418 3146 parque
443 3065 617 3126 cothurnato
641 3069 751 3127 vertice
776 3065 868 3144 fulget
890 3085 973 3145 apex.

210 3167 225 3217 t
246 3155 363 3235 garrula
387 3154 531 3215 Gauranis
554 3154 621 3234 plus
644 3162 810 3216 murmurat
832 3154 911 3215 unda
935 3155 1054 3217 fluentis

310 3246 442 3323 contigui
465 3242 551 3304 collis
572 3243 654 3323 lapsa
678 3243 845 3323 supercilio.

246 3414 324 3468 XVII
347 3416 381 3482 cf.
402 3415 502 3470 Versus
524 3414 648 3469 Martini
670 3415 831 3471 Dumteosts
853 3418 972 3486 episcopi
993 3420 1024 3472 a'u
1046 3417 1190 3484 refectorio

177 3485 264 3552 (Adit.
290 3487 330 3541 ed.
355 3486 454 3553 Palper
474 3502 504 3554 p.
523 3489 590 3552 195)
622 3490 631 3555 ΙΙ
668 3495 683 3540 3
709 3486 800 3539 nostri
824 3487 847 3542 O
874 3491 884 3556 ΙΙ
916 3494 932 3542 6
958 3487 1058 3541 simma
1084 3489 1163 3545 codd.
1181 3491 1190 3562 ll

171 3555 265 3612 XVIII
284 3562 299 3610 2
320 3555 370 3609 sed
390 3555 426 3624 F,
441 3554 470 3626 'si
487 3556 590 3626 uulpol
