2628 4034
536 233 688 288 CARMEN
710 233 767 288 VII.
1093 233 1158 298 285

163 395 214 444 275
236 385 352 461 agmina
376 388 532 451 contentus
556 400 644 442 ruere
668 383 863 460 strictumque
887 401 941 461 per
965 382 1076 462 amplos

236 490 358 532 exerere
382 470 511 549 gladium
534 470 672 552 populos3
695 477 777 531 natat
800 470 904 531 obruta
928 471 1016 532 tellus

236 562 391 640 sanguine,
415 561 543 639 dumque
568 558 687 620 hebetat
709 558 796 620 turha
815 578 903 638 grave
922 561 1032 621 caedua
1055 560 1157 642 telum,

234 648 341 710 absens
364 652 396 709 in
420 658 525 710 cuncto
550 649 609 709 sibi
631 648 754 709 vulnere
777 651 836 708 iam
859 649 938 710 cadit
960 648 1076 710 Hector.

233 738 368 818 proditus
391 745 425 798 ut
447 738 566 798 tandem
585 739 661 798 tanti
684 739 736 816 qui
759 756 848 798 causa
870 737 1028 818 tumultuS,

71 867 74 874 ι
163 840 215 888 289
234 829 331 906 inquit
353 827 467 887 Avitus:
492 822 577 907 ‘Age,
601 826 738 904 Scythica
760 829 872 887 nutrite
896 825 950 887 sub
974 829 1078 907 Arcto,

239 919 290 995 qui
314 916 389 976 furis
413 923 443 976 et
466 933 551 976 caeso
574 923 689 976 tantum
713 918 764 994 qui
788 915 855 976 fidis
878 917 999 997 inermi,

218 1003 418 1083 ¹congredere
442 1012 564 1065 armato.
609 1005 734 1064 multum
758 1005 814 1065 tihi
835 1007 986 1084 praestitit
1008 1007 1052 1065 ira

236 1096 294 1154 iam
317 1111 398 1153 mea:
423 1095 558 1154 concessi
579 1111 708 1173 pugnarn
732 1092 878 1173 iubeoque
901 1095 1037 1175 resistas;

235 1190 398 1243 certantem
420 1189 564 1242 mactasse
588 1176 688 1243 iuvat’
735 1185 778 1243 sic
801 1184 927 1243 saturet
950 1201 1061 1261 aequor

166 1283 216 1333 285
235 1271 354 1350 prosilit
377 1273 408 1330 in
430 1271 575 1351 medium,
597 1289 653 1332 nec
676 1289 735 1330 non
758 1272 840 1332 ferus
863 1271 981 1332 advenit
1003 1271 1106 1332 hostis.

237 1367 270 1420 ut
293 1362 422 1439 primum
445 1367 549 1439 pectus
573 1359 619 1420 vel
643 1361 808 1421 comminus
832 1378 882 1420 ora
906 1360 1016 1442 tulere,

236 1449 285 1509 hic
308 1451 353 1508 ira
375 1451 490 1529 tremit,
512 1448 561 1509 ille
585 1457 674 1509 metu.
720 1450 779 1508 iam
803 1457 900 1509 cetera
922 1448 1009 1509 turha
1062 1521 1063 1526 γ

236 1536 362 1598 diversis
384 1538 513 1617 trepidat
536 1539 611 1598 votis
634 1539 791 1616 variosque
814 1555 868 1615 per
891 1539 967 1599 ictus

236 1626 345 1705 pendet
368 1625 403 1686 ab
428 1634 543 1687 eventu.
586 1627 638 1687 sed
661 1634 816 1705 postquam
840 1628 948 1707 prima,
972 1626 1101 1687 secunda

166 1728 218 1776 290
237 1717 384 1794 tertiaque
408 1723 472 1776 acta
495 1723 560 1776 rota
583 1723 642 1796 est,
665 1716 745 1775 venit
764 1733 832 1775 ecce
851 1723 881 1775 et
899 1714 977 1775 celsa
1000 1722 1158 1775 cruentum

236 1804 367 1883 perforat
389 1804 472 1865 hasta
495 1806 606 1884 virum,
629 1811 698 1883 post
721 1811 750 1864 et
773 1805 899 1864 confinia
923 1803 1004 1864 dorsi

236 1892 315 1952 cedit
337 1893 500 1953 transfosso
524 1900 629 1972 ruptus
652 1891 699 1953 bis
723 1900 843 1972 pectore
866 1893 979 1952 thorax.

237 1988 267 2041 et
290 1981 360 2042 dum
383 1999 437 2060 per
461 1982 609 2061 duplicem
633 1984 753 2060 sanguis
777 1981 918 2062 singultat
940 1981 1066 2062 hiatum,

237 2069 355 2130 dividua
378 2072 536 2149 ancipitem
560 2078 735 2150 carpserunt
757 2071 879 2131 vulnera
901 2071 998 2134 vitam.

165 2171 217 2221 295
281 2157 360 2218 llaec
382 2165 450 2237 post
472 2166 554 2237 gesta
577 2162 634 2219 viri
657 2154 777 2243 (temet,
801 2159 871 2239 Styx
894 2159 996 2239 livida,
1019 2151 1126 2241 testor)
1198 2207 1199 2210 ,

237 2250 412 2308 intemerata
435 2247 509 2308 mihi
531 2249 699 2326 praelectus
723 2250 788 2310 iura
811 2248 945 2327 regebat:

237 2344 267 2396 et
290 2342 378 2416 caput
400 2336 456 2396 hoc
480 2335 600 2396 sibimet
623 2337 718 2396 solitis
742 2337 857 2398 delessa
880 2339 976 2398 ruinis

238 2423 330 2485 Gallia
355 2427 521 2503 suscipiens
546 2423 647 2485 Getica
669 2424 797 2504 pallebat
819 2425 856 2486 ah
880 2427 932 2486 ira.

238 2513 279 2573 nil
302 2532 405 2594 prece,
428 2513 471 2573 nil
494 2515 603 2593 pretio,
627 2513 669 2574 nil
692 2512 785 2574 milite
810 2514 920 2574 lractus
944 2514 1048 2593 agebat

166 2615 219 2664 300
237 2602 352 2684 letius3
376 2609 460 2681 capto
484 2609 633 2662 terrarum
656 2603 761 2663 damna
784 2602 924 2682 patebant

237 2691 363 2772 Litorio;
386 2692 418 2751 in
440 2690 616 2752 Rhodanum
637 2693 774 2771 proprios
797 2690 962 2770 producere
985 2693 1060 2750 fines

237 2779 442 2840 Theudoridae
466 2781 570 2861 lixum,
593 2798 649 2841 nec
672 2787 735 2840 erat
757 2797 889 2860 pugnare
912 2797 1048 2861 necesse,

240 2869 292 2928 sed
316 2871 443 2947 migrare
467 2868 557 2929 Getis.
603 2869 735 2930 rabidam
759 2876 828 2929 trux
852 2876 969 2948 asperat
991 2871 1066 2928 iram

125 3023 126 3027 Ἰ
238 2960 345 3038 vict0r3
369 2957 447 3036 quod
472 2959 567 3018 sensit
585 2957 756 3036 Scythicum
778 2975 833 3037 pro
856 2957 1011 3018 moenibus
1034 2957 1160 3038 hostem,

168 3059 218 3107 305
238 3049 376 3126 imputat3
400 3054 430 3106 et
452 3046 494 3107 nil
518 3053 564 3106 cst
586 3049 716 3127 gravius,
741 3049 766 3106 si
789 3047 913 3112 forsitan
935 3065 1075 3125 umquam

238 3137 357 3196 vincere
377 3137 540 3216 contingat,
563 3135 688 3214 trepido.
721 3143 876 3214 postquam
896 3136 1027 3214 undique
1046 3134 1159 3195 nullum

129 3260 132 3267 -
237 3224 419 3303 praesidium
443 3223 628 3303 ducibusque
651 3227 712 3285 tuis
735 3223 791 3305 nil,
814 3223 918 3305 Roma,
945 3223 1081 3285 relictum
1105 3231 1159 3304 est,

240 3312 357 3394 foedus,
379 3312 476 3394 Avito,
499 3330 603 3394 novas;
627 3331 746 3374 saevum
768 3320 818 3373 tua
841 3315 947 3392 pagina
971 3331 1071 3392 regem

221 3453 271 3502 291
292 3450 358 3516 post
374 3449 467 3520 culpo]
486 3449 606 3517 postque
624 3448 715 3516 ΟΥΕ
734 3465 789 3518 que
803 3449 841 3503 M
851 3451 859 3518 ΙΙ
878 3454 930 3504 294
949 3447 1093 3502 dividuam
1113 3464 1160 3502 en-

149 3517 431 3660 qqpiqqeqldqrquqqeqe
450 3520 488 3574 M
497 3523 506 3589 [Ι
520 3526 571 3574 297
592 3519 682 3575 defixa
700 3520 738 3574 M
742 3521 802 3575 ΤΡ
813 3525 822 3591 ΙΙ
837 3525 887 3576 302
906 3519 1091 3576 theudoridae
1111 3520 1163 3575 OT
