2614 4030
167 196 210 261 32
510 192 619 246 LIBER
638 189 834 248 SECUNDUS.

168 344 247 425 quod
262 363 322 404 non
336 343 445 403 vidisse
460 344 499 402 sit
513 343 653 403 sanctius.
676 343 764 421 pauci
777 348 876 403 tamen
885 341 1026 404 versiculi
1039 341 1181 404 lectorem

168 434 368 495 adventicium
391 430 619 492 remorabuntur
642 433 764 491 minime
783 429 919 510 improbo
937 437 1181 510 temperamento,

169 525 238 603 quia
261 541 313 582 eos
332 539 388 582 nec
407 520 548 599 relegisse
567 519 715 580 desiderio
734 527 853 580 estnec
872 519 1034 600 perlegisse
1054 519 1181 580 fastidio.

169 615 229 673 iam
252 613 278 672 si
300 628 449 671 marmora
470 611 614 689 inquiras,
636 627 698 669 non
716 608 776 669 illic
796 609 916 688 quidem
934 608 1025 669 Paros
1044 608 1182 688 Carystos

143 721 157 762 a
170 701 384 780 Proconnesos,
398 698 528 778 Phryges
539 696 683 759 Numidae
693 697 856 777 Spartiatae
870 700 990 777 rupium
1004 700 1183 758 variatarum

169 807 298 870 posuere
325 794 455 869 crustas,
486 805 584 865 neque
611 805 665 866 per
693 787 830 866 scopulos
857 787 1047 866 Aethiopicos
1076 794 1106 847 et
1132 786 1183 847 ab·

170 885 257 958 rupta
289 894 440 958 purpurea
473 877 601 955 genuino
633 876 730 936 fucata
762 875 915 954 conchylio
930 878 932 882 ’
945 894 1082 955 sparsum
1109 875 1184 935 mihi

172 986 241 1028 saxa
269 967 414 1028 furfurem
440 967 635 1026 mentiuntur.
689 965 741 1025 sed
769 966 826 1026 etsi
854 964 936 1026 nullo
958 967 1185 1044 peregrinarum

172 1058 303 1117 cautium
322 1057 421 1134 rigore
440 1055 579 1135 ditamur,
602 1052 712 1114 habent
730 1061 829 1114 tamen
848 1057 966 1134 tuguria
986 1072 1039 1114 seu
1057 1051 1184 1133 mapalia

133 1166 158 1205 ιο
171 1163 236 1206 mea
256 1146 382 1205 civicum
401 1144 504 1222 frigus.
537 1145 609 1221 quin
627 1145 726 1222 potius
746 1143 817 1222 quid
831 1143 991 1204 habeamus
1010 1161 1098 1223 quam
1112 1141 1184 1220 quid

172 1253 233 1295 non
251 1233 411 1294 habeamus
432 1230 572 1292 ausculta.
610 1230 639 1294 8.
658 1231 728 1292 huie
746 1231 886 1293 basilicae
905 1232 1052 1312 appendix
1070 1233 1186 1310 piscina

173 1323 339 1383 forinsecus
363 1339 426 1403 seu,
450 1324 476 1381 si
499 1323 631 1400 graecari
654 1323 756 1402 mavis,
778 1320 987 1401 baptisterium
1009 1320 1046 1382 ab
1071 1322 1185 1381 oriente

174 1414 348 1492 conectitur,
367 1410 445 1489 quod
464 1411 569 1488 viginti
588 1411 707 1470 circiter
725 1409 892 1471 modiorum
911 1409 991 1470 milia
1011 1411 1110 1490 capit,
1127 1409 1186 1470 huc

174 1501 262 1562 elutis
292 1519 308 1560 e
337 1497 434 1560 calore
460 1498 649 1559 venientibus
679 1498 787 1578 triplex
815 1499 907 1559 medii
937 1500 1060 1578 parietis
1088 1498 1186 1558 aditus

134 1609 161 1648 15
175 1608 229 1670 per
259 1595 378 1650 arcuata
404 1587 558 1648 intervalla
587 1594 746 1656 reseratur.
792 1606 847 1649 nec
874 1587 951 1668 pilae
979 1594 1049 1648 sunt
1071 1586 1187 1647 mediae

175 1678 227 1739 sed
252 1677 413 1758 columnae,
438 1695 510 1756 quas
534 1676 689 1738 architecti
710 1679 870 1756 peritiores
891 1677 1093 1737 aedificiorum
1116 1693 1187 1755 pur-

175 1785 266 1846 puras
298 1783 515 1845 nuncupavere.
565 1767 597 1826 in
624 1764 700 1826 hane
727 1784 798 1846 ergo
826 1768 972 1845 piscinam
1000 1765 1122 1826 fluvium
1150 1763 1187 1824 de

176 1854 335 1936 supercilio
354 1857 463 1915 montis
482 1853 614 1915 elicitum
634 1853 843 1934 canalibusque
863 1856 1050 1916 circumactis
1069 1872 1123 1934 per
1138 1871 1187 1913 ex·

175 1947 286 2006 teriora
309 1945 471 2005 natatoriae
495 1943 586 2004 latera
605 1951 759 2005 curvatum
778 1963 830 2005 sex
849 1942 965 2005 fistulae
983 1945 1188 2024 prominentes

136 2054 164 2094 ao
176 2033 296 2095 leonum
316 2031 461 2093 simulatis
481 2032 626 2112 capitibus
645 2033 809 2114 effundunt,
828 2051 902 2112 quae
916 2040 1034 2098 temere
1044 2033 1188 2111 ingressis

176 2139 261 2183 veras
285 2122 418 2182 dentium
437 2127 543 2203 erateS,
565 2139 664 2182 meros
684 2121 837 2183 oculorum
860 2122 986 2203 furores,
1009 2129 1106 2182 certas
1125 2138 1189 2181 cer-

177 2213 276 2271 vicum
302 2209 387 2270 iubas
415 2208 663 2288 imaginabuntur.
711 2208 740 2272 9.
762 2211 812 2272 hic
835 2213 862 2272 si
885 2212 1037 2272 dominum
1061 2229 1114 2271 seu
1137 2209 1188 2268 do-

177 2301 300 2360 mestica
324 2317 377 2359 seu
399 2297 554 2378 hospitalis
572 2299 662 2360 turba
680 2297 861 2381 circumstet,
885 2302 954 2378 quia
971 2317 1043 2379 prae
1063 2300 1191 2377 strepitu

178 2388 282 2449 caduci
308 2387 441 2448 fluminis
469 2395 588 2448 mutuae
615 2407 721 2450 vocum
744 2391 823 2466 vices
847 2391 946 2450 minus
968 2387 1190 2468 intelleguntur,

138 2497 165 2539 25
178 2480 210 2538 in
242 2494 344 2537 aurem
377 2476 435 2537 sibi
465 2475 592 2556 poprdus
623 2476 840 2560 confabulatur3
871 2479 912 2539 ita
940 2479 1040 2538 sonitu
1067 2494 1191 2556 pressus

178 2566 274 2627 alieno
302 2564 461 2627 ridiculum
488 2565 605 2626 affectat
631 2565 769 2645 publicus
797 2585 894 2627 sermo
919 2573 1075 2628 secretum.
1120 2566 1192 2626 hinc

179 2656 307 2734 egressis
330 2653 414 2714 frons
436 2653 559 2714 triclinii
582 2655 754 2716 matronahs
778 2656 910 2736 offertur,
934 2657 983 2716 cui
1002 2657 1192 2716 continuatur

179 2746 326 2805 vicinante
344 2745 474 2804 textrino
494 2743 567 2803 cella
585 2747 708 2823 penaria
727 2745 930 2806 discriminata
948 2751 1064 2806 tantum
1078 2746 1191 2824 pariete

180 2835 333 2894 castrensi.
372 2829 422 2894 10.
446 2831 482 2892 ab
507 2839 574 2892 ortu
598 2832 694 2894 lacum
712 2836 846 2913 porticus
865 2835 1007 2915 intuetur,
1030 2836 1124 2913 magis
1143 2850 1191 2892 ro·

140 2943 166 2984 ao
180 2923 311 2983 tundatis
348 2921 421 2982 fulta
454 2920 583 3000 collyriis
616 2941 705 3001 quam
735 2923 881 2984 columnis
913 2923 1058 2984 invidiosa
1090 2939 1193 2982 mono-

253 3115 267 3164 1
287 3111 383 3164 tomen
401 3127 450 3165 om.
468 3109 515 3178 Ol}
534 3115 567 3162 13
586 3109 760 3165 moeniorum
778 3111 805 3165 L
818 3113 827 3181 h
843 3116 877 3166 14
895 3111 997 3166 alantis
1016 3109 1195 3178 Ltoeljobonn

183 3181 186 3252 l
209 3198 223 3235 e
243 3197 292 3238 oro.
312 3182 463 3236 Parisinus
480 3184 557 3237 2782
574 3183 677 3253 oletque
690 3185 700 3254 ΙΙ
720 3188 752 3236 16
771 3198 909 3253 purpuras
924 3181 1060 3250 LVMT,
1080 3178 1194 3234 absides

180 3252 227 3306 vel
244 3251 396 3320 piramides
413 3253 437 3308 0
446 3255 456 3322 l
469 3257 502 3305 21
523 3251 630 3307 barones
649 3270 699 3308 om.
719 3270 759 3323 sp.
775 3260 792 3309 5
811 3254 828 3310 l.
843 3272 867 3312 o.
882 3254 910 3308 L
923 3257 932 3324 ΙΙ
946 3259 979 3308 22
997 3250 1196 3321 imaginabant

181 3324 261 3378 malit
279 3323 456 3393 Intetjotaac
485 3326 495 3392 ll
527 3328 561 3377 30
580 3323 693 3379 coluriis
712 3325 850 3380 Sirmovtd.
881 3327 885 3394 Ι
913 3322 1103 3378 monobilibus
1122 3323 1193 3392 ΒΝ,

182 3393 374 3448 monubilibus
394 3393 451 3463 (vel
468 3409 551 3449 mono
570 3412 590 3450 s.
606 3396 623 3450 l.
639 3397 703 3452 add.
718 3396 819 3466 M¹)M
824 3398 856 3465 V,
873 3393 1058 3449 munibilibus
1077 3411 1145 3450 corr.
1161 3411 1196 3449 eac

181 3464 374 3605 mpnubipibus
395 3464 436 3534 0²,
459 3464 630 3519 volubilibus
651 3468 682 3537 T,
701 3466 864 3522 monolithis
884 3467 1050 3534 Gustofssoo
1068 3473 1094 3522 et
1111 3465 1197 3521 Iacet-

177 3553 209 3605 po
228 3552 286 3590 ono
