2628 4034
566 202 724 259 'CARMEN
742 204 788 259 XI.

657 419 695 483 X.

171 543 378 600 PRAEFATIO
397 540 637 597 EPITHALAMII
654 539 754 594 Dioni
771 540 919 596 RURICIO
939 541 987 595 ΕΤ
1004 541 1200 602 HIBERIAE.

237 656 415 720 Flucticolae
439 673 507 716 cum
530 655 605 715 festa
627 673 721 715 nurus
744 655 890 734 Pagasaea
912 674 967 735 per
990 663 1075 717 antra

303 764 377 825 rupe
402 744 456 805 suh
479 744 614 805 Emathia
636 743 739 804 Pelion
763 744 920 825 explicuit,

238 833 412 915 angustabat
434 834 556 894 humum
581 851 722 911 superum
746 836 818 894 satis
842 833 938 913 ampla
962 835 1114 918 supellex3

304 921 457 985 certabant
480 924 559 1000 gazis
581 922 652 982 hino
675 921 760 1001 polus
783 923 854 982 hine
876 922 1011 1004 pelagus3

202 1027 218 1075 o
238 1013 422 1090 ducebatque
447 1011 553 1072 choros
576 1011 664 1070 viridi
686 1029 778 1091 prope
802 1017 899 1073 tectus
923 1014 1032 1074 amictu

304 1100 456 1162 caeruleae
479 1099 573 1177 pallae
598 1099 736 1160 concolor
759 1102 823 1180 ipse
848 1119 946 1182 socer;

236 1190 364 1271 nympha
388 1206 505 1268 quoque
532 1191 563 1249 in
586 1188 730 1249 thalamos
758 1191 881 1250 veniens
905 1190 941 1249 de
965 1193 1083 1270 gurgite
1108 1193 1195 1254 nuda

303 1281 401 1340 vestiti
425 1280 524 1356 coepit
546 1276 679 1338 membra
702 1280 809 1338 timere
832 1281 896 1339 viri.

235 1377 299 1430 tum
322 1367 423 1427 divum
446 1369 626 1445 quicumque
650 1367 750 1427 aderat
773 1374 888 1428 terrore
911 1375 1025 1428 remoto

184 1472 217 1520 10
303 1475 361 1535 quo
386 1457 452 1535 quis
475 1455 604 1534 pollebat
626 1455 698 1515 lusit
720 1458 751 1516 in
776 1456 881 1517 officio.

235 1547 368 1626 luppiter
391 1546 491 1606 emisit
513 1546 646 1623 tepidum
670 1547 734 1604 sine
758 1545 889 1625 pondere
913 1545 1024 1606 lulmen

303 1642 333 1696 et
356 1634 443 1694 dixit:
468 1628 586 1693 ‘melius
610 1651 689 1694 nunc
712 1633 856 1712 Cytherea
880 1629 974 1695 calet'

234 1724 337 1785 Pollux
361 1730 424 1784 tum
448 1729 549 1784 caestu
572 1722 720 1803 laudatus,
744 1722 848 1784 Castor
870 1723 1007 1803 habenta,

302 1812 396 1872 Pallas
419 1819 483 1871 tum
507 1813 621 1893 cristis,
644 1811 812 1872 Delictum
835 1812 996 1892 pharetris3

183 1915 215 1963 15
234 1901 352 1962 Alcides
375 1901 467 1980 clava,
491 1901 606 1960 Mavors
629 1907 693 1960 tum
716 1900 787 1962 lusit
810 1903 842 1961 in
864 1901 960 1983 hasta,
992 1957 994 1966 ,

300 1991 391 2050 Arcas
415 1997 478 2050 tum
501 1991 596 2069 virga,
619 1989 742 2050 nebride
766 1997 829 2050 tum
852 1990 997 2051 Bromius.

233 2080 282 2140 hic
306 2086 336 2139 et
357 2077 504 2158 Pipliadas
528 2077 684 2138 induxerat
707 2081 836 2158 optimus
861 2079 997 2159 Orpheus

300 2167 432 2248 chordis,
455 2184 541 2246 voce,
564 2184 666 2248 manu,
690 2167 885 2250 carminibus,
909 2167 1037 2229 calamis.

234 2255 409 2317 ambitiosus
431 2254 546 2334 Hymen
569 2261 646 2315 totas
669 2255 711 2316 ihi
734 2257 859 2318 contulit
882 2264 973 2339 artes;

181 2358 215 2408 20
301 2346 352 2423 qui
375 2361 435 2404 non
458 2346 590 2425 ingenio,
613 2344 674 2405 sors
697 2345 808 2424 placuit
831 2349 926 2425 genio.

233 2433 418 2494 Fescennina
440 2439 539 2495 tamen
562 2452 623 2493 non
647 2447 716 2495 sunt
740 2435 880 2517 admissa,
903 2437 1078 2513 priusquam

299 2524 429 2583 intonuit
452 2522 537 2583 solita
560 2531 662 2584 noster
682 2523 787 2602 Apollo
811 2524 881 2604 lyra.

643 2749 698 2816 XI.

525 2871 815 2926 EPITHALAMIUM.

252 2985 333 3046 Inter
357 2985 501 3067 Cyaneas,
523 2985 677 3066 Ephyraea
701 2989 866 3069 cacumina,
890 2993 990 3047 cautes

253 3093 310 3153 qua
334 3093 423 3154 super
445 3074 570 3136 Idalium
593 3075 669 3136 levat
692 3074 848 3155 Orithyion
872 3077 902 3135 in
926 3075 1060 3136 aethram

252 3166 334 3223 exesi
357 3163 417 3224 sale
441 3166 550 3225 montis
574 3183 662 3245 apex,
687 3164 738 3225 uhi
761 3166 836 3226 forte
860 3171 1015 3244 vagantem

216 3265 232 3313 o
252 3260 339 3332 atque
362 3260 567 3314 recurrentem
589 3260 755 3315 ructantem
779 3254 815 3315 ad
838 3273 927 3314 rauca
950 3252 1087 3334 Maleam,

234 3423 260 3476 X
275 3428 308 3477 17
326 3422 473 3493 Pipliadas
483 3424 676 3494 majolum,-
693 3423 841 3495 pepliadas
856 3426 931 3481 codd.
946 3427 956 3494 ll
969 3424 1009 3479 XI
1023 3429 1039 3477 2
1054 3424 1183 3482 orithion

161 3493 237 3549 codd.
261 3496 271 3563 ll
292 3513 316 3550 u.
333 3499 350 3548 ὅ
368 3495 533 3550 Buechelero
551 3497 681 3552 madente
699 3503 763 3551 aete
780 3515 804 3552 o.
820 3498 935 3566 4posul
956 3498 959 3565 l
983 3503 999 3551 5
1017 3499 1183 3554 ructantem

160 3581 220 3635 epo,
236 3566 378 3618 ructatum
397 3567 473 3622 codd.
490 3566 530 3636 lr.
551 3567 600 3638 M]
621 3565 716 3622 aurien
734 3567 810 3621 mela
829 3583 892 3622 eam
911 3567 942 3621 F
951 3571 960 3638 ΙΙ
