2660 4030
187 175 252 240 140
532 172 642 228 LIBER
659 171 846 228 SEPTIMUS.

185 324 273 384 modo
297 340 420 384 scaenae
443 325 594 383 moenium
612 321 799 402 publicorum
818 320 933 382 crebris
951 329 1049 382 terrae
1067 322 1216 384 motibus

186 411 444 492 concutiebantur3
467 430 545 472 nunc
569 414 653 490 ignes
677 428 765 491 saepe
788 410 930 471 flammati
949 411 1075 472 caducas
1095 411 1215 472 culmi-

186 519 259 562 num
282 503 387 561 eristas
407 502 573 579 superiecto
597 499 761 560 favillarum
780 506 879 559 monte
898 498 1096 581 tumulabant3
1119 518 1214 562 nunc

187 589 332 668 stupenda
358 590 423 648 foro
451 588 559 649 cubilia
587 587 749 650 collocabat
775 588 931 649 audacium
958 588 1090 667 pavenda
1117 607 1215 650 man-

159 678 313 739 esnetudo
337 695 505 738 cervorum:
533 696 600 738 cum
628 684 661 738 tu
689 679 768 737 inter
795 680 851 738 ista
875 677 1010 738 discessu
1033 679 1212 756 primorum

186 767 432 847 populariumque
457 772 536 826 statu
563 765 646 827 urbis
669 767 821 827 exinanito
849 766 885 826 ad
913 784 987 826 nova
1015 765 1095 827 celer
1119 774 1212 828 vete·

186 874 253 916 rum
276 855 475 916 Ninivitarum
502 855 635 934 exempla
663 855 838 935 decurristi,
865 873 903 915 ne
927 854 1043 916 divinae
1067 854 1211 916 admoni-

184 947 261 1005 tioni
283 951 333 1005 tua
357 962 475 1024 quoque
499 943 666 1022 desperatio
690 946 914 1004 conviciaretur.
946 942 976 1006 4.
1000 951 1030 1004 et
1052 961 1123 1004 vere
1142 947 1211 1006 iam

186 1034 223 1094 de
250 1034 306 1095 deo
334 1040 367 1094 tu
390 1035 512 1092 minime
540 1040 659 1111 poteras
682 1031 793 1111 absque
821 1039 943 1111 peccato
966 1039 1035 1113 post
1055 1035 1210 1095 virtutum

148 1141 174 1179 ιο
188 1124 390 1201 experimenta
414 1120 557 1182 diffidere.
594 1139 663 1181 nam
686 1140 754 1181 cum
776 1123 840 1181 vice
864 1122 990 1200 quadam
1008 1123 1111 1182 civitas
1131 1141 1210 1184 con-

186 1211 311 1289 flagrare
335 1213 496 1290 coepisset,
519 1210 593 1270 fides
615 1216 667 1270 tua
690 1213 721 1271 in
744 1208 794 1270 illo
818 1209 923 1270 ardore
948 1209 1014 1290 plus
1039 1209 1142 1292 caluit3
1174 1220 1211 1274 et

187 1317 255 1360 cum
278 1302 311 1360 in
333 1307 494 1378 conspectu
517 1299 639 1377 pavidae
662 1297 759 1378 plebis
782 1297 900 1359 obiectu
919 1298 982 1359 solo
1001 1302 1136 1378 corporis
1156 1305 1209 1361 tui¹

187 1390 266 1466 ignis
284 1406 424 1449 recussus
443 1390 474 1448 in
489 1395 606 1467 tergum
625 1389 755 1466 fugitivis
770 1387 895 1447 denibus
911 1390 1089 1470 sinuaretur,
1108 1391 1207 1451 mira·

188 1475 254 1537 culo
277 1476 405 1538 terribili
427 1495 502 1538 novo
526 1479 675 1536 invisitato
696 1477 779 1537 affuit
801 1476 936 1537 flammae
956 1477 1061 1538 cedere
1080 1496 1136 1556 per
1153 1497 1204 1540 re-

148 1583 173 1623 1⁶
188 1568 359 1647 verentiam,
383 1569 432 1627 cui
455 1567 566 1626 sentire
590 1565 685 1626 defuit
707 1583 762 1644 per
784 1571 928 1626 naturam.
971 1561 1001 1628 5.
1025 1567 1116 1645 igitur
1138 1570 1206 1646 pri-

187 1673 269 1714 mum
288 1656 384 1715 nostri
402 1655 516 1715 ordinis
535 1657 608 1714 viris
627 1654 721 1714 ethis
740 1655 842 1733 paucis
857 1655 964 1715 indicis
983 1657 1094 1716 ieiunia
1107 1657 1205 1717 inter-

187 1744 262 1804 dicis
281 1744 401 1824 flagitia,
419 1743 563 1822 supplicia
582 1743 730 1822 praedicis
749 1743 880 1803 remedia
894 1746 1057 1825 promittis3
1076 1749 1206 1823 exponis

187 1832 324 1894 omnibus
347 1852 403 1893 nec
425 1850 551 1912 poenam
573 1830 764 1910 longinquam
787 1850 853 1892 esse
876 1850 932 1892 nec
954 1835 1083 1914 veniam3
1111 1834 1205 1895 doces

187 1921 376 1982 denuntiatae
407 1921 574 1982 solitudinis
606 1922 701 1980 minas
734 1923 901 1981 orationum
933 1921 1101 2000 frequentia
1133 1942 1203 1984 esse

148 2033 174 2073 oo
188 2009 384 2090 amoliendas3
407 2027 511 2070 mones
534 2009 739 2069 assiduitatem
762 2009 887 2070 furentis
906 2010 1038 2070 incendii
1052 2029 1128 2090 aqua
1146 2029 1201 2091 po-

187 2101 254 2159 tius¹
272 2098 425 2159 oculorum
449 2116 537 2176 quam
559 2097 715 2158 fluminum
733 2117 820 2177 posse
840 2101 998 2179 restingui3
1021 2117 1124 2160 mones
1143 2104 1200 2162 mi·

187 2205 290 2247 nacem
317 2194 414 2247 terrae
438 2193 572 2246 motuum
595 2187 842 2247 conflictationem
871 2188 940 2247 fidei
964 2187 1122 2249 stabilitate
1146 2191 1201 2250 lir-

187 2275 332 2335 mandam.
372 2273 400 2336 6.
425 2278 510 2336 cuius
530 2276 686 2336 confestim
705 2294 817 2356 sequax
834 2276 954 2336 humilis
973 2276 1061 2337 turba
1080 2278 1203 2340 consilii

188 2363 351 2425 maioribus
381 2382 497 2442 quoque
528 2366 590 2424 suis
618 2365 674 2425 fuit
701 2367 905 2440 incitamento,
938 2383 1012 2444 qnos
1045 2385 1113 2427 eum
1139 2385 1202 2428 non

148 2474 174 2516 25
188 2454 335 2531 piguisset
357 2452 473 2536 fugere,
501 2453 600 2513 redire
623 2472 683 2513 non
710 2455 824 2533 puduit.
871 2471 928 2532 qua
956 2454 1111 2516 devotione
1138 2457 1201 2535 pla-

260 3180 274 3228 1
295 3177 425 3244 scaenae]
439 3174 559 3244 pinnae?
578 3176 743 3239 Molucrum
760 3176 808 3231 sed
821 3177 855 3244 cf.
871 3175 1022 3246 Symmoclc.
1038 3195 1067 3246 p.
1080 3179 1146 3245 327,
1159 3183 1197 3233 20

189 3248 241 3314 (ecl.
257 3246 347 3313 Seeclv
367 3245 493 3301 succedit
511 3261 614 3300 scaena
632 3262 773 3301 murorum
788 3289 794 3302 .
811 3289 816 3300 .
833 3289 840 3302 .
854 3246 971 3301 declivis
990 3254 1015 3302 et
1032 3247 1152 3316 Boouet,
1174 3250 1196 3304 le

189 3318 236 3373 lot.
259 3318 292 3372 de
313 3319 393 3389 (freq.
412 3318 438 3373 d.
460 3319 490 3373 T.
511 3336 541 3389 p.
555 3321 656 3386 213‚1
684 3320 694 3386 ΙΙ
721 3318 854 3389 escape]
879 3333 944 3387 sepe
968 3320 1060 3387 codd,
1088 3319 1194 3389 sulpure

188 3388 365 3457 Luetioboou
378 3392 388 3458 ΙΙ
402 3394 436 3442 14
453 3388 600 3444 invisitato
619 3389 729 3459 Haupt,
746 3387 884 3443 inusitato
903 3391 979 3445 codd.
998 3391 1008 3459 l
1028 3394 1061 3443 15
1079 3389 1193 3460 primum

187 3458 276 3528 igitur
292 3460 382 3529 01116
400 3459 491 3514 nostri
508 3477 592 3530 usque
610 3462 648 3515 ad
665 3459 772 3514 ieiunio
789 3461 821 3514 in
838 3476 892 3515 aas.
908 3461 955 3515 Μ’
970 3463 974 3529 l
991 3463 1021 3515 ot
1038 3461 1083 3515 his
1102 3461 1192 3531 paucis

191 3530 283 3584 nostri
302 3530 408 3585 ordinis
426 3529 493 3584 viris
515 3530 571 3586 OF
582 3533 592 3600 ΙΙ
607 3536 640 3585 19
659 3547 720 3585 esse
739 3548 788 3586 om.
805 3531 828 3586 0
838 3534 848 3601 ll

189 2548 271 2602 catus
299 2543 451 2621 inspector
482 2549 638 2621 pectorum
664 2542 737 2603 deus
769 2544 841 2602 fecit
872 2561 938 2603 esse
966 2541 1201 2606 obsecrationem
1304 2567 1305 2628 q

187 2637 316 2692 vestram
338 2630 422 2691 vobis
446 2631 543 2712 saluti,
566 2633 674 2692 ceteris
698 2633 865 2712 imitationi,
888 2633 1022 2710 utrisque
1041 2634 1200 2712 pracsidio.

189 2720 317 2799 denique
341 2719 401 2780 illic
425 2720 566 2799 deinceps
589 2737 649 2780 non
672 2719 756 2780 fuerc
779 2719 825 2779 vel
849 2720 954 2780 damna
973 2721 1131 2783 calamitati
1153 2722 1199 2783 vel
1304 2715 1305 2726 ³

188 2815 303 2870 ostenta
331 2809 490 2869 formidini.
537 2827 611 2887 quae
640 2812 738 2869 omnia
762 2811 859 2869 sciens
882 2809 1009 2889 populus
1033 2813 1090 2871 iste
1113 2811 1198 2872 Vien-

148 2919 175 2960 ao
188 2896 331 2958 nensibus
354 2901 414 2958 tuis
434 2905 463 2958 et
481 2898 625 2959 accidisse
644 2901 727 2976 prins
747 2904 777 2958 et
794 2916 854 2958 non
874 2900 1035 2959 accessisse
1049 2903 1198 2979 posterius

188 2989 312 3066 vestigia
334 2993 395 3047 tam
414 2994 619 3048 sacrosanctae
642 2987 860 3048 informationis
879 2986 1074 3068 amplectitur,
1098 2989 1198 3050 sedulo
