2614 4030
290 230 458 285 SIDONIUS
477 229 678 286 VINCENTIO
698 229 766 285 SUO
786 228 962 285 SALUTEM.
1091 229 1133 294 13

118 387 227 440 tantur.
271 386 348 460 esto,
377 379 580 458 multiplicatis
606 379 663 441 tibi
691 377 870 458 spumabunt
897 385 994 439 musta
1016 380 1134 461 vinetis,

120 472 295 530 innumeros
314 485 432 547 quoque
451 468 586 530 cumulos
605 467 740 547 frugibus
759 476 846 547 rupta
860 471 1008 546 congestis
1026 467 1134 528 horrea
1207 533 1210 539 ,

119 557 241 638 dabunt,
268 557 394 618 densum
417 575 509 636 pecus
533 557 661 637 gravidis
684 557 827 618 uberibus
850 559 882 617 in
906 556 1062 618 mulctram
1079 575 1134 636 per
1227 551 1230 556 ’

119 655 204 707 antra
236 645 313 706 olida
347 645 497 707 caularum
528 648 648 726 pinguis
682 644 737 706 tibi
768 652 869 726 pastor
897 644 1041 708 includet:
1075 664 1133 725 quo

120 742 236 814 spectat
259 742 320 795 tam
339 735 505 796 faeculento
524 737 736 814 patrimonium
755 737 940 814 promovisse
959 736 1133 814 compendio
1161 753 1173 793 a

120 832 151 886 et
169 843 230 884 non
250 823 346 884 solum
366 827 445 884 inter
463 826 520 884 ista
539 825 600 905 sed,
624 824 703 904 quod
724 831 770 884 est
788 826 915 905 turpino,
937 831 1060 903 propter
1078 826 1136 885 ista

119 909 266 974 latuisse?
303 931 364 974 non
391 915 530 992 nequiter
553 921 582 974 te
606 914 726 974 concilii
747 920 882 993 tempore
905 919 973 993 post
996 913 1134 973 sedentes

120 1009 341 1081 censentesque
365 1004 495 1087 iuvenes¹
510 1002 671 1081 inglorium
694 1003 854 1082 rusticum,
882 1019 985 1062 senem
1008 1008 1134 1062 stantem

119 1090 338 1152 latitabundum
357 1093 496 1170 pauperis
514 1091 652 1152 honorati
671 1093 819 1152 sententia
841 1097 965 1171 premat,
988 1109 1055 1158 cum
1075 1109 1135 1172 eoS,

121 1198 198 1260 quos
217 1186 298 1240 esset
317 1179 472 1258 indignum
492 1183 519 1240 si
536 1182 661 1259 vestigia
679 1187 781 1241 nostra
800 1186 1005 1260 sequerentur,
1023 1179 1134 1240 videris
1149 1199 1174 1237 10

120 1268 225 1329 dolens
249 1265 468 1329 antecessisse?
514 1265 543 1330 5.
572 1270 624 1329 sed
648 1269 720 1347 quid
742 1265 850 1348 plura?
883 1271 909 1329 si
932 1270 1042 1349 pateris
1065 1268 1134 1329 hor-

120 1365 244 1439 tantem,
263 1365 422 1418 conatuum
436 1365 557 1418 tnorum
571 1360 670 1418 socius
684 1358 810 1438 adiutor,
828 1359 966 1437 praevius
985 1359 1134 1437 particeps

121 1465 182 1507 ero.
222 1449 272 1507 sin
296 1452 395 1507 autem
417 1446 612 1508 inlecebrosis
635 1446 809 1507 deliciarum
828 1445 962 1507 cassibus
984 1446 1134 1507 involutus

120 1537 228 1616 mavis,
251 1542 284 1596 ut
307 1537 402 1616 aiunt,
425 1535 549 1616 Epicuri
571 1535 757 1614 dogmatibus
778 1535 923 1616 copulari,
947 1537 998 1614 qui
1021 1538 1134 1597 iactura

121 1627 241 1685 virtutis
270 1624 398 1684 admissa
426 1643 575 1685 summum
601 1623 712 1685 bonum
740 1623 801 1684 sola
828 1625 962 1702 corporis
987 1623 1134 1703 voluptate
1149 1642 1175 1682 15

121 1713 312 1793 determinat,
340 1720 434 1774 testor
462 1733 531 1774 ecce
559 1715 700 1794 maiores,
732 1720 826 1773 testor
853 1719 989 1793 posteros
1016 1722 1135 1772 nostros

120 1802 191 1863 huic
213 1822 261 1863 me
285 1820 380 1862 noxae
403 1821 463 1862 non
488 1821 553 1862 esse
577 1803 732 1863 confinem.
769 1801 840 1862 vale.

591 2028 663 2094 VII.

292 2150 460 2221 SIDONIUS
478 2149 680 2206 VINOENTIO
702 2150 769 2206 SUO
789 2149 965 2206 SALUTEM.

192 2265 218 2325 1.
257 2265 345 2344 Angit
367 2283 415 2324 me
435 2283 521 2324 casus
539 2265 667 2325 Arvandi
686 2283 741 2325 nec
760 2262 925 2345 dissimulo,
948 2265 1021 2343 quin
1040 2271 1135 2342 angat.

122 2372 251 2433 namque
274 2354 324 2414 hic
348 2371 466 2432 quoque
490 2353 625 2414 cumulus
643 2345 762 2414 'accedit
781 2352 917 2414 laudibus
936 2355 1133 2433 imperatoris,
1149 2373 1175 2411 ao

123 2442 202 2523 quod
221 2445 314 2503 amari
331 2441 428 2521 palam
447 2441 517 2502 licet
535 2449 565 2502 et
584 2445 679 2522 capite
699 2443 860 2502 damnatos,
890 2444 1003 2502 amicus
1022 2441 1135 2501 homini

122 2534 166 2593 fui
181 2550 270 2611 supra
285 2550 373 2611 quam
386 2549 504 2591 morum
518 2533 583 2591 eius
598 2531 723 2591 facilitas
738 2533 922 2610 varietasque
937 2530 1133 2611 patiebantur.

123 2627 250 2682 testatur
277 2621 333 2681 hoo
362 2628 485 2700 propter
511 2621 610 2698 ipsum
638 2638 734 2700 nuper
760 2620 833 2680 mihi
864 2619 975 2679 invidia
1002 2620 1136 2700 oonllata,

122 2712 208 2774 euius
227 2728 275 2769 me
294 2707 382 2788 paulo
402 2699 598 2769 incautiorem
616 2709 733 2769 llamma
752 2709 905 2769 detorruit.
936 2706 965 2769 2.
987 2708 1039 2768 sed
1054 2708 1133 2786 quod

121 2801 154 2859 in
177 2801 307 2860 amicitia
332 2800 409 2878 steti,
433 2797 507 2857 mihi
530 2798 627 2858 debui.
665 2816 755 2877 porro
780 2804 879 2858 autem
900 2799 932 2857 in
955 2802 1061 2857 natura
1084 2795 1175 2856 illesa

121 2906 181 2948 non
209 2886 314 2948 habuit
341 2879 525 2965 diligentiam
552 2887 777 2966 perseverandi:
805 2885 899 2947 libere
927 2903 1050 2965 queror,
1075 2903 1134 2944 non

122 2975 318 3056 insultatorie,
339 2977 407 3055 quia
426 2975 558 3036 fidelium
577 2975 699 3037 consilia
718 2976 885 3054 despiciens
905 2975 1040 3034 fortunae
1058 2973 1135 3033 ludi-

122 3065 222 3126 brium
244 3083 299 3145 per
323 3066 422 3124 omnia
445 3065 508 3124 luit.
551 3065 678 3144 denique
702 3082 762 3125 non
785 3082 854 3124 eum
877 3062 1033 3142 aliquando
1058 3064 1134 3122 ceci-

194 3243 209 3290 3
229 3235 363 3306 gravibus
380 3237 425 3304 Tl
441 3242 455 3290 7
474 3253 532 3290 non
544 3236 674 3304 nequiter
692 3237 721 3289 te
737 3233 791 3290 TO
805 3239 831 3288 et
847 3235 879 3288 io
892 3250 947 3289 ras.
962 3233 1023 3303 Ml,
1042 3250 1135 3289 nonne

122 3306 191 3374 quid
210 3309 237 3362 L
255 3313 281 3362 et
298 3311 379 3371 (corr.
399 3309 431 3362 aba
448 3323 505 3360 non
522 3307 652 3375 nequiter
670 3307 698 3360 te
717 3306 751 3361 N
754 3305 821 3374 ¹)N,
838 3321 895 3359 non
913 3304 1014 3374 nequit
1032 3347 1039 3361 .
1055 3347 1083 3360 ..
1103 3307 1136 3359 ut

127 3379 158 3448 V,
179 3397 217 3434 oo
236 3378 322 3447 quid?
340 3395 432 3433 nonne
451 3380 496 3432 te?
520 3379 696 3448 IoaetJ'obarau
709 3381 718 3446 11
733 3381 748 3430 8
765 3381 828 3446 post
846 3377 969 3430 stantem
987 3376 1036 3448 lep.
1055 3375 1136 3430 nobi-

121 3449 179 3502 lem
197 3453 229 3505 o'o
249 3449 308 3519 TO,
327 3467 377 3506 om.
397 3450 464 3504 LN
470 3449 537 3504 VM
546 3453 585 3519 119
605 3451 715 3518 premat
733 3449 766 3516 L,
790 3449 900 3516 premet
920 3451 1002 3516 (corr.
1020 3465 1054 3503 eac
1071 3464 1136 3517 pre-

121 3523 183 3575 mat
201 3521 235 3576 N
237 3521 396 3590 ¹V¹M²)rv
402 3520 523 3576 VMTG
533 3523 542 3590 11
558 3527 589 3574 12
610 3523 639 3574 et
652 3519 792 3590 particebs
810 3518 899 3588 0121
920 3535 1015 3574 amare
1032 3521 1113 3589 culpo
1127 3519 1137 3591 11

124 3597 157 3646 23
176 3591 247 3645 mihi
265 3609 355 3661 nuper
376 3592 438 3647 OM
447 3593 456 3662 11
471 3597 505 3645 24
523 3591 709 3647 incautiorem
726 3590 811 3664 paulo
833 3589 875 3660 011
