2636 4032
290 201 459 257 SIDONIUS
479 199 657 256 SIMPLICIO
677 200 746 256 SUO
766 200 944 256 SALUTEM.
1082 202 1122 266 79

111 351 292 413 sufflammat
319 349 442 430 invidia,
471 351 502 410 in
529 368 564 410 eo
588 352 646 410 iam
669 353 832 429 praecessit
854 351 983 411 vindicta
1005 352 1124 434 pulsati,

110 441 191 520 quod
218 458 329 520 procax
354 441 465 519 petitor
492 446 614 518 sumptu
640 445 670 499 et
696 441 805 500 itinere
832 440 987 501 coniectus
1011 448 1124 502 tunore

110 531 283 610 propositae
306 527 367 589 litis
391 527 515 588 exsudat
538 528 733 608 incommoda,
755 535 843 608 atque
866 529 923 590 hoc
946 531 977 588 in
996 532 1123 590 maximo

106 619 218 680 hiemis
242 624 366 678 accentu
390 618 573 695 summisque
597 616 724 677 cumulis
743 618 856 678 nivium
875 621 1045 697 crustisque
1064 619 1123 698 gla-

107 710 238 788 cierum,
258 705 336 785 quod
355 712 481 786 tempus,
501 713 643 785 quantum
658 705 694 766 ad
714 714 875 767 sectatores
889 707 987 766 litium
1001 715 1122 790 spectat,
1150 725 1163 765 s

106 796 199 858 breve
224 795 345 875 quidem
369 812 455 874 saepe
480 802 526 855 est
549 795 716 856 audientiae
741 795 793 856 sed
813 795 987 856 diuturnum
1005 815 1123 876 semper

106 887 245 946 iniurIae.
284 882 356 944 vale.

580 1073 652 1139 VH.

289 1195 456 1252 SIDONIUS
476 1196 655 1253 SIMPLIOIO
674 1195 743 1253 SUO
763 1197 942 1254 SALUTEM.

105 1383 107 1386 v
178 1307 206 1372 1.
236 1311 317 1372 Solet
343 1311 442 1371 dicere
471 1306 653 1371 ‘currentem
680 1308 812 1392 mones',
845 1313 896 1391 qui
923 1319 1057 1391 rogatur,
1089 1320 1122 1373 ut

107 1401 197 1462 saciat
220 1401 298 1478 quod
317 1400 449 1460 tacturus
473 1400 569 1460 luerat
591 1401 679 1460 etiam
699 1418 759 1460 non
779 1408 906 1479 rogatus.
943 1408 1119 1480 percontere
1135 1421 1160 1462 ro

108 1490 242 1570 forsitan,
266 1507 323 1568 quo
348 1495 462 1568 spectet
480 1491 536 1549 ista
554 1490 712 1568 praemitti.
745 1489 862 1549 baiulus
881 1492 998 1568 apicum
1017 1489 1120 1550 sedulo

108 1585 262 1658 precatur,
294 1584 327 1638 ut
354 1576 390 1637 ad
418 1596 470 1637 ros
497 1597 513 1638 a
541 1596 589 1638 me
616 1577 730 1638 litteras
759 1578 846 1659 ferat,
878 1581 962 1639 cuius
991 1597 1007 1638 a
1035 1579 1120 1639 nobis

108 1670 217 1729 itinere
237 1673 388 1746 comperto
403 1666 433 1726 id
447 1669 546 1746 ipsum
560 1675 624 1728 erat
637 1669 750 1748 nilque,
770 1669 796 1726 si
809 1669 959 1748 tacuisset,
979 1668 1120 1748 orandus3

108 1775 237 1836 namque
260 1755 317 1816 hoc
341 1755 471 1828 officium
495 1762 593 1816 vester
615 1758 715 1836 potIus
738 1773 821 1817 amor
845 1774 933 1834 qnam
957 1755 1051 1835 geruli
1074 1774 1120 1816 re-

108 1853 230 1925 spectus
253 1844 361 1906 elicuit.
400 1851 532 1905 ceterum
554 1844 604 1905 hic
627 1846 691 1924 ipse
713 1844 893 1906 beneficium
917 1863 948 1905 se
971 1852 1120 1924 computat
1134 1863 1161 1904 15

91 1931 270 2015 meruisse,
298 1936 349 2013 qui
375 1935 538 2015 praestitit,
566 1952 744 2012 quamquam
774 1933 937 1995 identidem
967 1934 1045 2013 quod
1068 1952 1120 2013 po-

106 2025 206 2104 poscit
228 2025 385 2104 acceperit,
409 2021 461 2082 sed
485 2041 559 2101 quae
583 2023 669 2083 nobis
693 2025 890 2084 amicitiarum
912 2025 978 2083 iura
997 2025 1119 2083 minime

107 2130 282 2192 agnoscens.
319 2110 348 2172 2.
367 2111 446 2171 unde
466 2130 645 2191 quamquam
664 2112 770 2173 absens
788 2110 874 2173 facile
894 2114 1037 2191 coniecto,
1061 2115 1126 2190 quo'

106 2209 232 2281 repente
256 2207 376 2280 stupore
400 2201 533 2282 lenietur,
557 2220 625 2262 cum
647 2203 758 2262 intuitu
781 2203 877 2262 nostri
895 2201 1051 2280 dignanter
1070 2201 1120 2261 ad-

106 2293 218 2351 missus
246 2288 426 2350 intellexerit
453 2307 484 2349 se
513 2292 650 2369 paginam
677 2308 774 2351 meam
801 2292 895 2369 magis
919 2292 1012 2351 otiose
1036 2290 1117 2369 ilagi-
1133 2311 1159 2351 aa

108 2387 186 2440 tasse
211 2396 298 2458 quam
322 2378 448 2439 tradere.
494 2378 595 2439 ridere
623 2379 696 2439 mihi
718 2379 834 2461 videor,
862 2385 895 2439 ut
921 2378 1036 2440 homini
1058 2397 1119 2439 non

105 2487 203 2547 usque
231 2469 267 2528 ad
291 2467 431 2528 invidiam
458 2468 608 2546 perfaceto
631 2486 704 2528 nova
729 2475 817 2528 erunt
841 2470 952 2550 omnia,
981 2486 1049 2528 cnm
1074 2471 1118 2528 in-

104 2557 248 2618 vitabitur
265 2559 442 2636 peregrinus
461 2556 498 2617 ad
517 2556 700 2617 domicilium
719 2557 854 2636 trepidus
869 2557 905 2618 ad
920 2555 1118 2636 conloquium,

102 2647 238 2706 rusticus
270 2645 306 2707 ad
334 2645 476 2706 laetitiam
502 2664 616 2725 pauper
643 2645 679 2706 ad
707 2663 854 2726 mensam,
886 2653 916 2706 et
946 2664 1014 2706 cum
1042 2645 1118 2724 apud

103 2735 214 2796 crudos
243 2752 459 2814 caeparumque
488 2734 617 2814 crapulis
645 2734 813 2796 esculentos
840 2735 889 2796 hic
915 2741 980 2813 agat
1002 2733 1116 2814 vulgus,
1131 2755 1157 2796 aa

103 2823 167 2884 illic
191 2841 226 2884 ea
245 2825 382 2884 comitate
401 2821 619 2904 retractabitur,
643 2842 676 2884 ao
696 2825 722 2884 si
741 2826 820 2884 inter
837 2823 957 2902 Apicios
976 2822 1117 2902 epulones

103 2920 135 2973 et
157 2911 335 2992 Byzantinos
359 2912 600 2973 chironomuntas
621 2911 775 2991 hucusque
795 2913 963 2972 ructaverit.
996 2908 1025 2972 3.
1045 2918 1117 2972 atta-

104 3019 176 3062 men
200 3001 296 3080 qualis
319 3003 383 3080 ipse
408 3008 594 3080 quantusque
618 3007 672 3081 est,
694 3003 869 3080 percopiose
891 3018 940 3061 me
960 3000 1050 3060 officii
1069 3018 1117 3059 vo-

103 3092 158 3151 tivi
187 3096 353 3170 compotem
381 3090 459 3150 lecit.
506 3089 557 3150 sed
587 3107 764 3169 quamquam
796 3088 1002 3150 huiuscemodi
1030 3107 1117 3168 saepe

106 3197 254 3259 personae
279 3177 474 3258 despicabiles
497 3179 590 3239 lerme
616 3185 693 3260 sunt,
716 3181 748 3238 in
771 3177 921 3238 sodalibus
943 3184 1043 3238 tamen
1064 3196 1119 3256 per
1132 3200 1158 3240 ao

175 3353 191 3403 8
209 3352 292 3406 iasar.
312 3366 361 3404 om.
381 3350 409 3403 L
435 3353 444 3420 ΙΙ
471 3354 506 3404 25
524 3349 624 3418 vulgas
644 3348 671 3401 L
696 3355 722 3404 et
743 3353 824 3408 (corr.
843 3351 875 3404 ia
896 3349 998 3417 vulgus
1016 3349 1050 3404 N
1052 3349 1118 3418 ¹)N,

101 3421 200 3476 vulcas
219 3429 252 3478 ut
269 3422 326 3476 oid.
345 3421 392 3491 Vll
406 3427 440 3475 96
459 3419 660 3474 retractabitur
678 3419 778 3473 LVM
782 3421 807 3474 T
813 3419 853 3489 0¹,
872 3417 1043 3474 tractabitur
1062 3419 1096 3474 0²
1109 3420 1120 3492 ll

103 3497 139 3547 27
156 3492 383 3547 chironomontas
399 3492 463 3546 VM
468 3493 491 3546 0
500 3494 510 3560 ll
524 3498 557 3546 28
573 3509 611 3546 au
625 3490 717 3559 qualis
732 3490 793 3561 ipse
807 3491 986 3566 (eumque>i
999 3494 1008 3559 ΙΙ
1022 3497 1057 3546 30
1076 3490 1118 3545 di-

104 3563 259 3634 spicabiles
278 3563 365 3618 ferme
381 3565 445 3617 sunt
459 3564 524 3632 ΒΤ,
544 3561 731 3632 despicabiles
747 3565 812 3618 sunt
825 3562 911 3620 ferme
926 3561 1118 3634 (dispicabiles
