2636 4032
185 207 228 271 48
527 205 635 260 Lfflnn
653 205 852 261 SECUNDUS.

185 359 298 417 tionem
321 373 421 416 comes
440 356 541 415 venire
561 354 728 437 dissimulo3
752 373 880 434 namque
898 373 946 416 me
965 354 1058 416 multo
1078 355 1199 416 decum-
1307 395 1308 414 1

185 444 325 506 bentibus
348 446 460 504 nostris
483 443 624 505 validiora
643 447 787 505 maeroris
806 447 880 505 retia
899 451 1010 526 tenent,
1034 452 1200 524 quaesunt
1307 517 1308 530 ἦ

186 536 289 594 amicis
314 533 447 613 quaeque
472 540 501 594 et
524 535 655 594 externis
677 533 895 594 indolescenda.
931 532 1010 594 nude
1028 541 1059 594 te
1079 553 1200 613 quoque

185 629 266 704 puto,
286 625 312 684 si
331 624 388 683 rite
408 641 547 701 germano
566 625 695 683 moveris
714 623 830 704 affectu,
849 641 907 702 quo
926 625 1070 703 temporis
1086 629 1199 702 puncto

159 729 173 770 1
185 714 322 791 paginam
354 711 429 772 hanc
462 704 642 794 sumpseris,
672 712 708 772 de
736 712 835 773 reditu
864 713 963 792 potius
992 713 1200 790 cogitatmum.

187 798 215 862 2.
250 800 420 882 Severiana,
458 800 625 862 sollicitudo
657 803 836 883 communis,
872 802 1036 879 inquietata
1066 801 1201 879 primurn

186 889 281 950 lentae
301 892 393 950 tussis
412 888 543 969 impulsu
562 889 694 951 febribus
714 908 832 971 quoque
847 892 905 950 iam
924 889 1072 969 fatigatur,
1089 889 1199 969 hisque

185 997 239 1058 per
261 986 365 1040 noctes
392 978 680 1060 ingravescentibus3
707 977 932 1059 propterquod
957 985 1036 1056 optat
1059 979 1141 1038 exire
1165 981 1200 1039 in

187 1067 403 1149 suburbanum,
426 1067 540 1128 litteras
559 1075 625 1129 tuas
645 1067 774 1148 denique
794 1086 861 1129 cum
881 1084 1076 1148 sumeremus,
1096 1067 1201 1146 egredi

147 1175 172 1216 1o
186 1156 222 1216 ad
250 1156 381 1218 villulam
408 1159 467 1216 iam
493 1156 678 1236 parabamus.
724 1159 864 1237 quocirca
885 1163 918 1217 tu
942 1174 996 1216 seu
1018 1157 1119 1216 venias
1143 1175 1200 1216 seu

185 1248 326 1326 moreris,
353 1263 458 1325 preces
482 1252 598 1306 nostras
623 1245 806 1306 orationibus
829 1248 909 1325 iuva,
934 1251 968 1305 ut
990 1247 1070 1305 ruris
1094 1263 1200 1306 auram

186 1334 368 1394 desideranti
391 1333 550 1394 salubriter
573 1335 658 1396 cedat
680 1337 745 1414 ipsa
767 1327 921 1414 vegetatio.
967 1339 1048 1394 certe
1072 1352 1125 1412 ego
1149 1334 1200 1394 vel

185 1430 236 1483 tna
259 1441 344 1483 soror
366 1425 446 1484 inter
469 1441 553 1502 spem
575 1431 748 1503 metumque
771 1425 910 1502 suspensi
929 1423 1110 1483 credidimus
1129 1425 1196 1484 eins

184 1511 315 1572 taedium
352 1512 532 1594 augendum,
569 1515 595 1572 si
631 1513 774 1574 voluntati
810 1513 935 1573 iacentis
968 1510 1197 1573 obstitissemus.
1307 1503 1308 1510 '

145 1621 171 1661 15
187 1598 215 1664 3.
240 1603 332 1680 igitur
356 1601 455 1662 ardori
478 1603 604 1663 civitatis
628 1609 715 1681 atque
738 1603 853 1682 torpori
874 1608 936 1661 tam
954 1619 1009 1660 nos
1033 1619 1121 1680 quam
1144 1601 1198 1661 do-

185 1708 267 1750 mum
297 1697 389 1750 totam
416 1693 536 1769 praevio
565 1690 683 1752 Christo
715 1693 828 1770 pariter
860 1692 1018 1750 eximimus
1048 1688 1198 1768 simulque

185 1779 370 1840 medicorum
402 1779 526 1840 consilia
557 1782 684 1841 vitamus
717 1779 899 1841 assidentum
932 1779 1198 1860 dissidentumque,

186 1871 238 1947 qui
265 1887 370 1948 parum
399 1868 478 1929 docti
502 1876 532 1930 et
556 1871 628 1930 satis
651 1869 748 1931 seduli
774 1868 930 1948 languidos
953 1867 1061 1928 multos
1085 1868 1199 1928 officio-

186 1959 302 2018 sissime
332 1957 478 2018 occidunt.
518 1976 587 2018 sane
616 1958 810 2019 contubernio
833 1964 936 2018 nostro
960 1959 1025 2017 iure
1049 1959 1198 2017 amicitiae

145 2069 172 2108 ao
185 2045 283 2106 Iustus
312 2045 513 2127 adhibebitur,
546 2065 647 2127 quem,
681 2050 707 2108 si
738 2048 830 2108 iocari
857 2045 964 2107 liberet
990 2048 1022 2106 in
1049 2045 1199 2127 tristibus,
1307 2057 1308 2134 J

185 2134 270 2194 facile
294 2137 501 2195 convincerem
525 2134 682 2196 Chironica
709 2137 804 2214 magis
827 2137 997 2197 institutum
1020 2142 1082 2195 arte
1107 2153 1197 2214 quam

184 2222 380 2284 Machaonica.
418 2241 475 2302 quo
504 2223 675 2303 diligentius
697 2224 891 2305 postulandus
914 2232 961 2285 est
984 2223 1120 2285 Christus
1145 2223 1197 2284 ob·
1307 2263 1308 2288 l

185 2311 415 2393 secrandusque‚
438 2319 471 2373 ut
494 2312 664 2396 valetudini,
688 2317 773 2376 cuius
797 2315 980 2374 curationem
1004 2331 1074 2373 cura
1093 2319 1196 2373 nostra

184 2419 244 2460 non
267 2403 387 2482 invenit,
410 2404 540 2480 potentia
566 2421 694 2482 superna
716 2402 879 2465 medeatur.
916 2401 988 2463 vale.

644 2646 733 2712 XIII.

144 2779 170 2821 25
368 2767 534 2823 SIDONIUS
554 2768 723 2825 SERRANO
743 2768 811 2824 SUO
831 2767 1007 2823 SALUTEM.

254 2880 280 2941 1.
303 2881 468 2960 Epistulam
490 2889 571 2943 tuam
594 2882 681 2943 nobis
704 2881 893 2944 Marcellinus
916 2888 1032 2961 togatus
1052 2880 1195 2961 exhibuit,

184 2968 272 3029 homo
299 2973 413 3050 peritus
441 2973 545 3050 virque
574 2974 745 3033 amicorum.
792 2990 867 3050 quae
890 2970 1072 3050 primoribus
1095 2968 1195 3030 verbis

185 3057 358 3121 salutatione
386 3058 476 3120 libata
504 3059 618 3139 reliquo
647 3063 694 3121 sui
716 3065 826 3140 tractu,
855 3059 1051 3139 quiquidem
1074 3059 1195 3138 grandis

185 3153 243 3228 est,
274 3150 393 3227 patroni
419 3151 464 3210 tui
490 3148 623 3210 Petronii
649 3149 769 3210 Maximi
796 3151 986 3228 imperatoris
1014 3148 1116 3210 laudes
1143 3148 1195 3208 ha·
1307 3191 1308 3228 ,

255 3360 271 3408 3
291 3369 416 3436 quaeque
431 3354 499 3425 LV,
519 3371 629 3425 quoque
648 3358 676 3426 (o
695 3357 727 3412 in
744 3373 808 3440 ¹aas,
828 3371 877 3412 ee.
893 3357 910 3412 l.
925 3355 989 3411 add.
1005 3354 1200 3424 Μ’)ΜΝΤΟ

183 3425 192 3566 l
211 3426 245 3548 ll
258 3428 485 3566 illidunt,
504 3428 719 3566 adtraat
736 3426 1017 3568 {wadaldi
1033 3427 1198 3551 'dldllul

185 3570 247 3635 (om.
267 3570 332 3634 que)
354 3567 382 3636 0,
401 3569 431 3622 et
448 3570 555 3623 metum
576 3568 701 3626 Vatican.
716 3573 814 3640 3421ss
