2660 4030
287 225 453 283 SIDONIUS
472 225 679 282 VOLUSIANO
698 225 833 280 FRATRI
852 224 1027 280 SALUTEM.
1099 224 1164 290 169

154 376 284 438 chralem
307 376 451 438 luctuosis
470 375 651 437 carminibus
669 374 843 436 inscribere.
867 375 1005 437 celeriter
1022 377 1164 436 iniunctis

154 464 370 548 obsecundabo,
388 484 455 527 cum
474 471 525 525 tua
542 471 654 526 traetus
674 466 857 545 auctoritate,
875 470 938 525 tum
960 464 1164 544 principaliter

153 555 329 636 amplissimi
350 557 407 615 viri
424 555 547 615 Victorii
565 556 683 614 comitis
702 553 856 614 devotione
874 560 1061 636 praeventus,
1074 572 1163 633 quem

153 647 219 706 iure
250 643 395 704 saeculari
423 650 593 724 patronum,
623 645 688 703 iure
720 643 921 703 ecclesiastico
944 642 1038 703 lilium
1060 642 1163 703 excolo

154 741 189 795 ut
211 733 314 813 cliens,
335 740 369 794 ut
391 740 476 811 pater
499 732 601 813 diligo,
632 733 684 811 qui
706 733 778 792 satis
801 732 910 812 docuit,
933 751 1008 811 quae
1032 737 1090 798 sibi
1113 750 1163 804 aut
1190 751 1204 791 ⁵

155 822 250 903 qualis
273 840 343 901 erga
365 821 490 882 famulos
510 821 620 882 Christi
639 839 710 881 cura
727 822 864 903 ferveret,
883 841 950 883 cum
968 830 1066 886 torum
1085 831 1164 892 circa

154 910 359 972 decumbentis
383 913 537 992 antistitis,
560 928 620 970 non
643 909 816 988 dignitatem
838 914 937 972 minus
961 931 1048 993 quam
1071 935 1163 978 mem-

152 1000 207 1062 bra
230 1007 368 1062 curvatus
393 1019 427 1060 ac
450 1018 539 1079 supra
562 998 674 1060 vultum
697 1001 863 1079 propinqua
886 1009 981 1062 morte
1004 1003 1162 1082 pallentem

154 1089 255 1152 dolore
279 1088 418 1150 concolor
441 1089 544 1170 factus,
568 1088 637 1168 quid
657 1089 720 1147 viro
744 1087 840 1167 vellet,
863 1089 992 1151 lacrimis
1015 1094 1163 1158 indicibus

154 1178 332 1240 ostenderet.
388 1175 416 1238 2.
446 1183 475 1238 et
506 1179 575 1258 quia
605 1176 663 1237 sibi
693 1179 836 1238 maximas
872 1179 1013 1241 humandi
1050 1183 1164 1246 funeris
1179 1196 1205 1236 10

154 1275 254 1348 partes
277 1270 341 1346 ipse
365 1269 542 1347 praeripuit,
564 1273 660 1327 totum
683 1273 825 1344 apparatu
847 1274 1086 1347 supercurrentis
1109 1275 1163 1333 im-

153 1357 255 1437 pendii
288 1354 365 1435 quod
398 1355 562 1416 funerando
594 1355 742 1416 sacerdoti
772 1363 954 1435 competeret
980 1361 1164 1444 impertiens,

156 1445 253 1506 saltim
272 1445 308 1506 ad
332 1444 508 1522 obsequium
531 1462 606 1523 quae
629 1451 837 1504 remanserunt
863 1445 952 1507 verba
975 1450 1164 1533 conferimus,

154 1533 230 1596 nihil
252 1533 332 1594 aliud
356 1535 505 1596 exaraturi
529 1532 589 1593 stili
613 1532 771 1612 scalpentis
795 1536 942 1613 impressu
971 1556 1059 1615 quam
1081 1544 1163 1601 testi-

153 1626 286 1684 monium
304 1629 423 1683 mutuae
448 1621 623 1683 dilectionis.
657 1628 788 1682 ceterum
807 1625 864 1683 viri
886 1642 984 1686 mores
1005 1634 1086 1705 gesta
1105 1631 1205 1689 vir-1⁵

154 1720 234 1773 tutes
271 1711 477 1790 indignissime
518 1729 653 1771 meorum
689 1711 800 1771 vilitate
837 1712 984 1773 dictorum
1019 1717 1163 1795 pondera-

152 1800 271 1862 buntur.

219 1925 365 1988 Abraham
389 1927 498 1986 sanctis
522 1927 628 1986 merito
652 1923 790 1985 sociande
813 1929 960 2007 patronis,

287 2033 361 2094 quos
384 2014 440 2075 tibi
463 2014 588 2093 collegas
612 2015 712 2075 dicere
735 2032 795 2074 non
819 2015 979 2098 trepidem3

219 2121 287 2164 nam
311 2106 354 2164 sie
376 2103 571 2183 praecedrmt,
594 2110 627 2164 ut
648 2122 717 2163 mox
740 2110 839 2164 tamen
862 2106 926 2183 ipse
950 2124 1088 2186 sequare:

286 2193 335 2254 dat
357 2200 472 2273 partem
495 2193 581 2270 regni
602 2195 699 2272 portio
723 2195 865 2272 martyrii.

180 2295 196 2342 o
219 2290 306 2343 uatus
329 2282 365 2343 ad
388 2281 572 2361 Euphraten,
595 2300 649 2358 pro
673 2281 789 2342 Christo
814 2283 961 2361 ergastula
983 2303 1089 2363 passus

286 2378 316 2432 et
339 2368 551 2450 quinquennali
573 2370 689 2431 vincula
712 2369 776 2431 laxa
799 2372 888 2452 fame,

219 2460 337 2539 elapsus
360 2461 425 2538 regi
445 2459 613 2520 truculento
637 2458 752 2519 Susidis
776 2478 845 2522 orae

287 2549 442 2611 occiduum
464 2567 606 2629 properas
630 2547 711 2609 solus
734 2550 770 2609 ad
793 2568 888 2630 usqne
913 2549 1016 2611 solum.

220 2638 272 2699 sed
295 2639 497 2700 confessorem
519 2641 662 2700 virtutum
685 2640 768 2716 signa
792 2645 957 2719 sequuntur

164 2740 197 2787 10
289 2726 501 2807 spiritibusque
525 2727 610 2788 malis
633 2727 707 2808 fers,
731 2729 865 2809 fugitive,
888 2728 995 2806 fugam.

221 2834 336 2894 quaque
359 2818 456 2898 r'enis,
479 2816 640 2877 Lemurum
664 2833 695 2876 se
719 2818 825 2878 clamat
847 2815 953 2878 cedere
976 2815 1075 2896 turba3

287 2904 445 2964 daemonas
467 2909 511 2966 ire
534 2905 620 2967 iubes
644 2906 713 2966 exul
735 2909 766 2966 in
791 2905 919 2967 exilium.

222 2995 371 3072 expeteris
394 2997 522 3077 cunctis,
545 3014 600 3055 nec
623 3002 652 3055 te
677 2997 755 3075 capit
778 2994 905 3055 ambitus
928 2993 1020 3074 ullus3

287 3088 332 3142 est
354 3081 410 3142 tibi
432 3082 546 3144 delatus
569 3083 636 3164 plus
660 3102 804 3144 onerosus
827 3084 928 3144 honor.

164 3183 196 3231 15
219 3170 379 3231 Romuleos
403 3172 514 3250 refugis
537 3171 773 3252 Byzantinosque
797 3173 929 3251 fragores

287 3267 375 3339 atque
400 3261 563 3339 sagittifero
586 3263 702 3321 moenia
725 3261 817 3322 fracta
840 3261 914 3322 Tito.

220 3367 324 3409 murus
346 3348 505 3409 Alexandri
527 3357 556 3410 te
579 3367 639 3410 non
662 3357 743 3410 tenet
765 3351 973 3431 Antiochique,

287 3441 404 3518 spernis
427 3437 558 3499 Elisseae
581 3438 701 3520 Byrsica
724 3446 800 3500 tecta
825 3439 937 3500 domus.

225 3596 257 3644 11
277 3593 369 3646 totum
387 3608 407 3646 a.
428 3593 444 3648 l.
464 3593 528 3648 odd.
548 3593 593 3646 Μ1
610 3597 614 3664 1
632 3595 798 3662 apparatum
817 3593 854 3647 M
864 3597 873 3663 ll
