<?xml version="1.0" encoding="UTF-8"?>
<!DOCTYPE html PUBLIC "-//W3C//DTD XHTML 1.0 Transitional//EN"
    "http://www.w3.org/TR/xhtml1/DTD/xhtml1-transitional.dtd">
<html xmlns="http://www.w3.org/1999/xhtml" xml:lang="en" lang="en">
 <head>
  <title>
</title>
<meta http-equiv="Content-Type" content="text/html;charset=utf-8" />
  <meta name='ocr-system' content='tesseract 3.04.00' />
  <meta name='ocr-capabilities' content='ocr_page ocr_carea ocr_par ocr_line ocrx_word'/>
</head>
<body>
  <div class='ocr_page' id='page_1' title='image "./csolliusapollin01apolgoog_0270.png"; bbox 0 0 2610 4056; ppageno 0'>
   <div class='ocr_carea' id='block_1_1' title="bbox 197 224 1140 320">
    <p class='ocr_par' dir='ltr' id='par_1_1' title="bbox 197 224 1140 320">
     <span class='ocr_line' id='line_1_1' title="bbox 197 224 1140 320; baseline 0.014 -39"><span class='ocrx_word' id='word_1_1' title='bbox 197 226 364 281; x_wconf 80' lang='lat' dir='ltr'>SIDONIUS</span> <span class='ocrx_word' id='word_1_2' title='bbox 383 224 526 282; x_wconf 84' lang='lat' dir='ltr'>DOMINO</span> <span class='ocrx_word' id='word_1_3' title='bbox 545 226 663 320; x_wconf 69' lang='lat' dir='ltr'>PAPnn</span> <span class='ocrx_word' id='word_1_4' title='bbox 682 227 824 283; x_wconf 82' lang='lat' dir='ltr'>FAUSTO</span> <span class='ocrx_word' id='word_1_5' title='bbox 845 229 1023 284; x_wconf 80' lang='lat' dir='ltr'><strong>SALUTEM.</strong></span> <span class='ocrx_word' id='word_1_6' title='bbox 1073 229 1140 294; x_wconf 78' lang='grc'>215</span> 
     </span>
    </p>
   </div>
   <div class='ocr_carea' id='block_1_2' title="bbox 21 375 1179 3215">
    <p class='ocr_par' dir='ltr' id='par_1_2' title="bbox 21 375 1179 3215">
     <span class='ocr_line' id='line_1_2' title="bbox 120 375 1139 458; baseline 0.002 -21"><span class='ocrx_word' id='word_1_7' title='bbox 120 379 279 438; x_wconf 88' lang='lat' dir='ltr'>sissimnm</span> <span class='ocrx_word' id='word_1_8' title='bbox 301 375 469 458; x_wconf 83' lang='lat' dir='ltr'>multiplex,</span> <span class='ocrx_word' id='word_1_9' title='bbox 493 395 560 437; x_wconf 92' lang='lat' dir='ltr'>acre</span> <span class='ocrx_word' id='word_1_10' title='bbox 584 375 719 458; x_wconf 89' lang='lat' dir='ltr'>sublime,</span> <span class='ocrx_word' id='word_1_11' title='bbox 748 378 895 456; x_wconf 85' lang='lat' dir='ltr'>digestum</span> <span class='ocrx_word' id='word_1_12' title='bbox 922 378 1017 440; x_wconf 89' lang='lat' dir='ltr'>titulis</span> <span class='ocrx_word' id='word_1_13' title='bbox 1041 381 1139 439; x_wconf 74' lang='lat' dir='ltr'>exem·-</span> 
     </span>
     <span class='ocr_line' id='line_1_3' title="bbox 121 457 1139 549; baseline 0.004 -24"><span class='ocrx_word' id='word_1_14' title='bbox 121 465 242 545; x_wconf 92' lang='lat' dir='ltr'>plisque</span> <span class='ocrx_word' id='word_1_15' title='bbox 267 457 453 546; x_wconf 81' lang='lat' dir='ltr'>congestum,</span> <span class='ocrx_word' id='word_1_16' title='bbox 480 465 654 544; x_wconf 90' lang='lat' dir='ltr'>bipertitum</span> <span class='ocrx_word' id='word_1_17' title='bbox 678 465 733 526; x_wconf 92' lang='lat' dir='ltr'>sub</span> <span class='ocrx_word' id='word_1_18' title='bbox 757 466 866 545; x_wconf 80' lang='lat' dir='ltr'>dialogi</span> <span class='ocrx_word' id='word_1_19' title='bbox 893 467 1055 549; x_wconf 90' lang='lat' dir='ltr'>schemate,</span> <span class='ocrx_word' id='word_1_20' title='bbox 1083 468 1139 529; x_wconf 92' lang='lat' dir='ltr'>sub</span> 
     </span>
     <span class='ocr_line' id='line_1_4' title="bbox 120 554 1139 636; baseline 0.002 -21"><span class='ocrx_word' id='word_1_21' title='bbox 120 572 284 615; x_wconf 90' lang='lat' dir='ltr'>causarum</span> <span class='ocrx_word' id='word_1_22' title='bbox 307 554 435 615; x_wconf 79' lang='lat' dir='ltr'>themate</span> <span class='ocrx_word' id='word_1_23' title='bbox 464 555 720 634; x_wconf 87' lang='lat' dir='ltr'>quadripertitum.</span> <span class='ocrx_word' id='word_1_24' title='bbox 767 557 929 635; x_wconf 83' lang='lat' dir='ltr'>scripseras</span> <span class='ocrx_word' id='word_1_25' title='bbox 953 564 1051 618; x_wconf 91' lang='lat' dir='ltr'>autem</span> <span class='ocrx_word' id='word_1_26' title='bbox 1073 557 1139 636; x_wconf 93' lang='lat' dir='ltr'>plu-</span> 
     </span>
     <span class='ocr_line' id='line_1_5' title="bbox 122 643 1139 728; baseline 0.003 -24"><span class='ocrx_word' id='word_1_27' title='bbox 122 646 202 704; x_wconf 92' lang='lat' dir='ltr'>rima</span> <span class='ocrx_word' id='word_1_28' title='bbox 225 643 364 704; x_wconf 82' lang='lat' dir='ltr'>ardenter</span> <span class='ocrx_word' id='word_1_29' title='bbox 386 643 471 722; x_wconf 92' lang='lat' dir='ltr'>plnra</span> <span class='ocrx_word' id='word_1_30' title='bbox 493 662 646 724; x_wconf 79' lang='lat' dir='ltr'>pompose,</span> <span class='ocrx_word' id='word_1_31' title='bbox 669 643 846 723; x_wconf 91' lang='lat' dir='ltr'>simpliciter</span> <span class='ocrx_word' id='word_1_32' title='bbox 868 647 925 706; x_wconf 89' lang='lat' dir='ltr'>ista</span> <span class='ocrx_word' id='word_1_33' title='bbox 944 665 999 706; x_wconf 92' lang='lat' dir='ltr'>nec</span> <span class='ocrx_word' id='word_1_34' title='bbox 1017 649 1139 728; x_wconf 88' lang='lat' dir='ltr'>rustice,</span> 
     </span>
     <span class='ocr_line' id='line_1_6' title="bbox 120 731 1178 816; baseline -0.001 -23"><span class='ocrx_word' id='word_1_35' title='bbox 120 738 227 811; x_wconf 83' lang='lat' dir='ltr'>argute</span> <span class='ocrx_word' id='word_1_36' title='bbox 251 731 301 792; x_wconf 90' lang='lat' dir='ltr'>illa</span> <span class='ocrx_word' id='word_1_37' title='bbox 328 749 384 792; x_wconf 91' lang='lat' dir='ltr'>nec</span> <span class='ocrx_word' id='word_1_38' title='bbox 413 731 530 812; x_wconf 92' lang='lat' dir='ltr'>callide,</span> <span class='ocrx_word' id='word_1_39' title='bbox 563 735 661 810; x_wconf 83' lang='lat' dir='ltr'>gravia</span> <span class='ocrx_word' id='word_1_40' title='bbox 689 740 804 793; x_wconf 89' lang='lat' dir='ltr'>mature</span> <span class='ocrx_word' id='word_1_41' title='bbox 827 734 974 812; x_wconf 84' lang='lat' dir='ltr'>profunda</span> <span class='ocrx_word' id='word_1_42' title='bbox 1003 734 1138 816; x_wconf 90' lang='lat' dir='ltr'>sollicite,</span> <span class='ocrx_word' id='word_1_43' title='bbox 1165 751 1178 792; x_wconf 85' lang='lat'>5</span> 
     </span>
     <span class='ocr_line' id='line_1_7' title="bbox 122 820 1137 903; baseline 0.003 -22"><span class='ocrx_word' id='word_1_44' title='bbox 122 821 214 882; x_wconf 90' lang='lat' dir='ltr'>dubia</span> <span class='ocrx_word' id='word_1_45' title='bbox 233 828 403 881; x_wconf 83' lang='lat' dir='ltr'>constanter</span> <span class='ocrx_word' id='word_1_46' title='bbox 421 827 629 899; x_wconf 87' lang='lat' dir='ltr'>argumentosa</span> <span class='ocrx_word' id='word_1_47' title='bbox 649 820 853 903; x_wconf 82' lang='lat' dir='ltr'>disputatorie,</span> <span class='ocrx_word' id='word_1_48' title='bbox 872 824 1016 901; x_wconf 90' lang='lat' dir='ltr'>quaedam</span> <span class='ocrx_word' id='word_1_49' title='bbox 1035 842 1137 884; x_wconf 91' lang='lat' dir='ltr'>severe</span> 
     </span>
     <span class='ocr_line' id='line_1_8' title="bbox 124 909 1138 994; baseline 0.003 -24"><span class='ocrx_word' id='word_1_50' title='bbox 124 911 281 989; x_wconf 85' lang='lat' dir='ltr'>quaepiam</span> <span class='ocrx_word' id='word_1_51' title='bbox 299 909 415 990; x_wconf 93' lang='lat' dir='ltr'>blande,</span> <span class='ocrx_word' id='word_1_52' title='bbox 439 917 544 980; x_wconf 87' lang='lat' dir='ltr'>cuncta</span> <span class='ocrx_word' id='word_1_53' title='bbox 562 909 715 970; x_wconf 91' lang='lat' dir='ltr'>moraliter</span> <span class='ocrx_word' id='word_1_54' title='bbox 734 909 818 994; x_wconf 80' lang='lat' dir='ltr'>lecte,</span> <span class='ocrx_word' id='word_1_55' title='bbox 841 919 979 990; x_wconf 92' lang='lat' dir='ltr'>potenter</span> <span class='ocrx_word' id='word_1_56' title='bbox 998 913 1138 991; x_wconf 90' lang='lat' dir='ltr'>eloquen-</span> 
     </span>
     <span class='ocr_line' id='line_1_9' title="bbox 123 996 1137 1078; baseline 0.004 -20"><span class='ocrx_word' id='word_1_57' title='bbox 123 1001 248 1059; x_wconf 91' lang='lat' dir='ltr'>tissime.</span> <span class='ocrx_word' id='word_1_58' title='bbox 296 996 345 1060; x_wconf 95' lang='grc'>11.</span> <span class='ocrx_word' id='word_1_59' title='bbox 374 1000 473 1077; x_wconf 91' lang='lat' dir='ltr'>itaque</span> <span class='ocrx_word' id='word_1_60' title='bbox 505 1017 559 1078; x_wconf 94' lang='lat' dir='ltr'>per</span> <span class='ocrx_word' id='word_1_61' title='bbox 589 1006 670 1059; x_wconf 88' lang='lat' dir='ltr'>tanta</span> <span class='ocrx_word' id='word_1_62' title='bbox 701 1005 731 1059; x_wconf 87' lang='lat' dir='ltr'>te</span> <span class='ocrx_word' id='word_1_63' title='bbox 763 1017 873 1077; x_wconf 84' lang='lat' dir='ltr'>genera</span> <span class='ocrx_word' id='word_1_64' title='bbox 904 1001 1046 1061; x_wconf 90' lang='lat' dir='ltr'>narrandi</span> <span class='ocrx_word' id='word_1_65' title='bbox 1075 1007 1137 1070; x_wconf 79' lang='lat' dir='ltr'>toto</span> 
     </span>
     <span class='ocr_line' id='line_1_10' title="bbox 117 1077 1138 1166; baseline 0.006 -20"><span class='ocrx_word' id='word_1_66' title='bbox 117 1081 284 1148; x_wconf 87' lang='lat' dir='ltr'>latissimae</span> <span class='ocrx_word' id='word_1_67' title='bbox 309 1077 477 1148; x_wconf 84' lang='lat' dir='ltr'>dictationis</span> <span class='ocrx_word' id='word_1_68' title='bbox 501 1105 604 1166; x_wconf 91' lang='lat' dir='ltr'>campo</span> <span class='ocrx_word' id='word_1_69' title='bbox 633 1093 753 1148; x_wconf 91' lang='lat' dir='ltr'>secutus</span> <span class='ocrx_word' id='word_1_70' title='bbox 777 1087 820 1148; x_wconf 90' lang='lat' dir='ltr'>nil</span> <span class='ocrx_word' id='word_1_71' title='bbox 844 1091 875 1148; x_wconf 94' lang='lat' dir='ltr'>in</span> <span class='ocrx_word' id='word_1_72' title='bbox 898 1089 1035 1150; x_wconf 86' lang='lat' dir='ltr'>facundia</span> <span class='ocrx_word' id='word_1_73' title='bbox 1058 1098 1138 1156; x_wconf 89' lang='lat' dir='ltr'>cete-</span> 
     </span>
     <span class='ocr_line' id='line_1_11' title="bbox 123 1174 1179 1258; baseline 0.001 -23"><span class='ocrx_word' id='word_1_74' title='bbox 123 1194 236 1256; x_wconf 88' lang='lat' dir='ltr'>rorum,</span> <span class='ocrx_word' id='word_1_75' title='bbox 258 1175 301 1236; x_wconf 92' lang='lat' dir='ltr'>nil</span> <span class='ocrx_word' id='word_1_76' title='bbox 324 1178 356 1235; x_wconf 92' lang='lat' dir='ltr'>in</span> <span class='ocrx_word' id='word_1_77' title='bbox 379 1178 506 1254; x_wconf 84' lang='lat' dir='ltr'>ingeniis</span> <span class='ocrx_word' id='word_1_78' title='bbox 530 1174 615 1236; x_wconf 85' lang='lat' dir='ltr'>facile</span> <span class='ocrx_word' id='word_1_79' title='bbox 633 1179 774 1256; x_wconf 86' lang='lat' dir='ltr'>perspexi</span> <span class='ocrx_word' id='word_1_80' title='bbox 792 1179 873 1238; x_wconf 87' lang='lat' dir='ltr'>iuxta</span> <span class='ocrx_word' id='word_1_81' title='bbox 892 1176 1025 1257; x_wconf 92' lang='lat' dir='ltr'>politum.</span> <span class='ocrx_word' id='word_1_82' title='bbox 1063 1197 1179 1258; x_wconf 76' lang='lat' dir='ltr'>quaero</span> 
     </span>
     <span class='ocr_line' id='line_1_12' title="bbox 123 1264 1139 1345; baseline 0.004 -21"><span class='ocrx_word' id='word_1_83' title='bbox 123 1283 172 1324; x_wconf 91' lang='lat' dir='ltr'>me</span> <span class='ocrx_word' id='word_1_84' title='bbox 195 1283 265 1325; x_wconf 86' lang='lat' dir='ltr'>vcra</span> <span class='ocrx_word' id='word_1_85' title='bbox 288 1267 399 1325; x_wconf 92' lang='lat' dir='ltr'>sentire</span> <span class='ocrx_word' id='word_1_86' title='bbox 428 1267 499 1325; x_wconf 90' lang='lat' dir='ltr'>satis</span> <span class='ocrx_word' id='word_1_87' title='bbox 527 1264 687 1345; x_wconf 90' lang='lat' dir='ltr'>approbas,</span> <span class='ocrx_word' id='word_1_88' title='bbox 719 1284 787 1326; x_wconf 91' lang='lat' dir='ltr'>cnm</span> <span class='ocrx_word' id='word_1_89' title='bbox 814 1285 870 1327; x_wconf 91' lang='lat' dir='ltr'>nec</span> <span class='ocrx_word' id='word_1_90' title='bbox 898 1267 1029 1328; x_wconf 89' lang='lat' dir='ltr'>ollensus</span> <span class='ocrx_word' id='word_1_91' title='bbox 1052 1268 1139 1329; x_wconf 92' lang='lat' dir='ltr'>aliter</span> 
     </span>
     <span class='ocr_line' id='line_1_13' title="bbox 87 1352 1139 1438; baseline 0.005 -26"><span class='ocrx_word' id='word_1_92' title='bbox 87 1384 97 1402; x_wconf 57' lang='grc' dir='ltr'><strong>κ</strong></span> <span class='ocrx_word' id='word_1_93' title='bbox 123 1353 232 1413; x_wconf 92' lang='lat' dir='ltr'>iudico.</span> <span class='ocrx_word' id='word_1_94' title='bbox 279 1352 406 1433; x_wconf 91' lang='lat' dir='ltr'>denique</span> <span class='ocrx_word' id='word_1_95' title='bbox 431 1353 562 1415; x_wconf 87' lang='lat' dir='ltr'>absentis</span> <span class='ocrx_word' id='word_1_96' title='bbox 586 1357 688 1434; x_wconf 91' lang='lat' dir='ltr'>oratio,</span> <span class='ocrx_word' id='word_1_97' title='bbox 717 1362 859 1434; x_wconf 89' lang='lat' dir='ltr'>quantum</span> <span class='ocrx_word' id='word_1_98' title='bbox 883 1357 1047 1438; x_wconf 90' lang='lat' dir='ltr'>opinamur,</span> <span class='ocrx_word' id='word_1_99' title='bbox 1070 1356 1139 1436; x_wconf 90' lang='lat' dir='ltr'>plus</span> 
     </span>
     <span class='ocr_line' id='line_1_14' title="bbox 21 1431 1138 1523; baseline 0.004 -22"><span class='ocrx_word' id='word_1_100' title='bbox 21 1431 28 1448; x_wconf 81' lang='grc'><strong><em>’</em></strong></span> <span class='ocrx_word' id='word_1_101' title='bbox 123 1445 228 1520; x_wconf 89' lang='lat' dir='ltr'>nequit</span> <span class='ocrx_word' id='word_1_102' title='bbox 252 1461 397 1523; x_wconf 92' lang='lat' dir='ltr'>crescere,</span> <span class='ocrx_word' id='word_1_103' title='bbox 425 1445 484 1503; x_wconf 92' lang='lat' dir='ltr'>nisi</span> <span class='ocrx_word' id='word_1_104' title='bbox 506 1443 633 1503; x_wconf 88' lang='lat' dir='ltr'>forsitan</span> <span class='ocrx_word' id='word_1_105' title='bbox 656 1442 766 1522; x_wconf 89' lang='lat' dir='ltr'>aliquid</span> <span class='ocrx_word' id='word_1_106' title='bbox 790 1443 837 1504; x_wconf 91' lang='lat' dir='ltr'>his</span> <span class='ocrx_word' id='word_1_107' title='bbox 861 1444 949 1504; x_wconf 90' lang='lat' dir='ltr'>addat</span> <span class='ocrx_word' id='word_1_108' title='bbox 972 1464 1072 1506; x_wconf 91' lang='lat' dir='ltr'>coram</span> <span class='ocrx_word' id='word_1_109' title='bbox 1096 1445 1138 1505; x_wconf 96' lang='lat' dir='ltr'>lo-</span> 
     </span>
     <span class='ocr_line' id='line_1_15' title="bbox 122 1532 1137 1612; baseline 0.004 -22"><span class='ocrx_word' id='word_1_110' title='bbox 122 1533 243 1609; x_wconf 88' lang='lat' dir='ltr'>quentis</span> <span class='ocrx_word' id='word_1_111' title='bbox 258 1533 388 1592; x_wconf 92' lang='lat' dir='ltr'>auctoris</span> <span class='ocrx_word' id='word_1_112' title='bbox 402 1539 457 1591; x_wconf 79' lang='lat' dir='ltr'>von</span> <span class='ocrx_word' id='word_1_113' title='bbox 472 1549 586 1612; x_wconf 92' lang='lat' dir='ltr'>manns,</span> <span class='ocrx_word' id='word_1_114' title='bbox 605 1536 702 1592; x_wconf 90' lang='lat' dir='ltr'>motus</span> <span class='ocrx_word' id='word_1_115' title='bbox 716 1532 813 1611; x_wconf 90' lang='lat' dir='ltr'>pudor</span> <span class='ocrx_word' id='word_1_116' title='bbox 827 1533 940 1593; x_wconf 85' lang='lat' dir='ltr'>artilex.</span> <span class='ocrx_word' id='word_1_117' title='bbox 980 1532 1029 1595; x_wconf 87' lang='grc'>12.</span> <span class='ocrx_word' id='word_1_118' title='bbox 1045 1536 1137 1612; x_wconf 86' lang='lat' dir='ltr'>igitur</span> 
     </span>
     <span class='ocr_line' id='line_1_16' title="bbox 123 1611 1177 1702; baseline 0.002 -22"><span class='ocrx_word' id='word_1_119' title='bbox 123 1619 171 1680; x_wconf 92' lang='lat' dir='ltr'>his</span> <span class='ocrx_word' id='word_1_120' title='bbox 195 1621 286 1680; x_wconf 89' lang='lat' dir='ltr'>animi</span> <span class='ocrx_word' id='word_1_121' title='bbox 312 1611 536 1699; x_wconf 88' lang='lat' dir='ltr'>litterarumque</span> <span class='ocrx_word' id='word_1_122' title='bbox 563 1619 683 1681; x_wconf 81' lang='lat' dir='ltr'>dotibus</span> <span class='ocrx_word' id='word_1_123' title='bbox 710 1621 863 1699; x_wconf 90' lang='lat' dir='ltr'>praeditus</span> <span class='ocrx_word' id='word_1_124' title='bbox 892 1622 1047 1683; x_wconf 89' lang='lat' dir='ltr'>mulierem</span> <span class='ocrx_word' id='word_1_125' title='bbox 1070 1617 1136 1702; x_wconf 91' lang='lat' dir='ltr'>pul·</span> <span class='ocrx_word' id='word_1_126' title='bbox 1151 1640 1177 1682; x_wconf 87' lang='lat'>15</span> 
     </span>
     <span class='ocr_line' id='line_1_17' title="bbox 122 1708 1137 1792; baseline 0.005 -25"><span class='ocrx_word' id='word_1_127' title='bbox 122 1708 234 1790; x_wconf 89' lang='lat' dir='ltr'>ohram,</span> <span class='ocrx_word' id='word_1_128' title='bbox 263 1709 314 1768; x_wconf 90' lang='lat' dir='ltr'>sed</span> <span class='ocrx_word' id='word_1_129' title='bbox 338 1709 419 1769; x_wconf 91' lang='lat' dir='ltr'>illam</span> <span class='ocrx_word' id='word_1_130' title='bbox 443 1709 666 1771; x_wconf 89' lang='lat' dir='ltr'>deuteronomio</span> <span class='ocrx_word' id='word_1_131' title='bbox 691 1709 867 1789; x_wconf 90' lang='lat' dir='ltr'>astipulante</span> <span class='ocrx_word' id='word_1_132' title='bbox 891 1710 1062 1792; x_wconf 89' lang='lat' dir='ltr'>nubentem,</span> <span class='ocrx_word' id='word_1_133' title='bbox 1085 1712 1137 1772; x_wconf 95' lang='lat' dir='ltr'>do·</span> 
     </span>
     <span class='ocr_line' id='line_1_18' title="bbox 123 1797 1137 1880; baseline 0.004 -24"><span class='ocrx_word' id='word_1_134' title='bbox 123 1798 204 1857; x_wconf 89' lang='lat' dir='ltr'>mine</span> <span class='ocrx_word' id='word_1_135' title='bbox 220 1815 304 1878; x_wconf 90' lang='lat' dir='ltr'>papa,</span> <span class='ocrx_word' id='word_1_136' title='bbox 322 1797 378 1858; x_wconf 92' lang='lat' dir='ltr'>tibi</span> <span class='ocrx_word' id='word_1_137' title='bbox 391 1801 513 1880; x_wconf 76' lang='lat' dir='ltr'>iugasti3</span> <span class='ocrx_word' id='word_1_138' title='bbox 533 1818 619 1877; x_wconf 89' lang='lat' dir='ltr'>qnam</span> <span class='ocrx_word' id='word_1_139' title='bbox 635 1805 668 1858; x_wconf 91' lang='lat' dir='ltr'>tu</span> <span class='ocrx_word' id='word_1_140' title='bbox 682 1798 777 1859; x_wconf 90' lang='lat' dir='ltr'>adhuc</span> <span class='ocrx_word' id='word_1_141' title='bbox 791 1801 906 1859; x_wconf 89' lang='lat' dir='ltr'>invenis</span> <span class='ocrx_word' id='word_1_142' title='bbox 920 1801 999 1860; x_wconf 91' lang='lat' dir='ltr'>inter</span> <span class='ocrx_word' id='word_1_143' title='bbox 1012 1799 1137 1861; x_wconf 91' lang='lat' dir='ltr'>hostiles</span> 
     </span>
     <span class='ocr_line' id='line_1_19' title="bbox 123 1887 1137 1968; baseline 0.005 -23"><span class='ocrx_word' id='word_1_144' title='bbox 123 1887 312 1964; x_wconf 89' lang='lat' dir='ltr'>conspicatus</span> <span class='ocrx_word' id='word_1_145' title='bbox 335 1894 481 1967; x_wconf 85' lang='lat' dir='ltr'>catervas,</span> <span class='ocrx_word' id='word_1_146' title='bbox 509 1894 596 1966; x_wconf 88' lang='lat' dir='ltr'>atque</span> <span class='ocrx_word' id='word_1_147' title='bbox 624 1887 684 1948; x_wconf 91' lang='lat' dir='ltr'>illic</span> <span class='ocrx_word' id='word_1_148' title='bbox 708 1890 740 1947; x_wconf 93' lang='lat' dir='ltr'>in</span> <span class='ocrx_word' id='word_1_149' title='bbox 763 1890 827 1948; x_wconf 89' lang='lat' dir='ltr'>acie</span> <span class='ocrx_word' id='word_1_150' title='bbox 855 1891 1019 1949; x_wconf 91' lang='lat' dir='ltr'>contrariae</span> <span class='ocrx_word' id='word_1_151' title='bbox 1043 1892 1137 1968; x_wconf 90' lang='lat' dir='ltr'>partis</span> 
     </span>
     <span class='ocr_line' id='line_1_20' title="bbox 122 1972 1134 2058; baseline 0.005 -25"><span class='ocrx_word' id='word_1_152' title='bbox 122 1972 296 2055; x_wconf 90' lang='lat' dir='ltr'>adamatam,</span> <span class='ocrx_word' id='word_1_153' title='bbox 319 1975 362 2035; x_wconf 92' lang='lat' dir='ltr'>nil</span> <span class='ocrx_word' id='word_1_154' title='bbox 379 1993 434 2054; x_wconf 91' lang='lat' dir='ltr'>per</span> <span class='ocrx_word' id='word_1_155' title='bbox 453 1976 604 2037; x_wconf 91' lang='lat' dir='ltr'>obstantes</span> <span class='ocrx_word' id='word_1_156' title='bbox 617 1976 756 2056; x_wconf 88' lang='lat' dir='ltr'>repulsus</span> <span class='ocrx_word' id='word_1_157' title='bbox 769 1976 972 2058; x_wconf 88' lang='lat' dir='ltr'>proeliatores,</span> <span class='ocrx_word' id='word_1_158' title='bbox 993 1978 1134 2038; x_wconf 89' lang='lat' dir='ltr'>desiderii</span> 
     </span>
     <span class='ocr_line' id='line_1_21' title="bbox 34 2062 1177 2148; baseline 0.002 -26"><span class='ocrx_word' id='word_1_159' title='bbox 34 2067 37 2072; x_wconf 73' lang='grc'>“</span> <span class='ocrx_word' id='word_1_160' title='bbox 123 2062 245 2134; x_wconf 88' lang='lat' dir='ltr'>brachio</span> <span class='ocrx_word' id='word_1_161' title='bbox 269 2065 405 2124; x_wconf 84' lang='lat' dir='ltr'>vincente</span> <span class='ocrx_word' id='word_1_162' title='bbox 428 2067 565 2148; x_wconf 86' lang='lat' dir='ltr'>rapuisti,</span> <span class='ocrx_word' id='word_1_163' title='bbox 585 2065 802 2145; x_wconf 90' lang='lat' dir='ltr'>philosophiam</span> <span class='ocrx_word' id='word_1_164' title='bbox 825 2065 947 2148; x_wconf 90' lang='lat' dir='ltr'>scilicet,</span> <span class='ocrx_word' id='word_1_165' title='bbox 976 2085 1050 2145; x_wconf 91' lang='lat' dir='ltr'>quae</span> <span class='ocrx_word' id='word_1_166' title='bbox 1074 2069 1135 2126; x_wconf 93' lang='lat' dir='ltr'>vio·</span> <span class='ocrx_word' id='word_1_167' title='bbox 1150 2085 1177 2124; x_wconf 77' lang='lat' dir='ltr'>eo</span> 
     </span>
     <span class='ocr_line' id='line_1_22' title="bbox 123 2150 1135 2235; baseline 0.005 -24"><span class='ocrx_word' id='word_1_168' title='bbox 123 2150 219 2212; x_wconf 87' lang='lat' dir='ltr'>lenter</span> <span class='ocrx_word' id='word_1_169' title='bbox 242 2171 258 2212; x_wconf 95' lang='lat' dir='ltr'>e</span> <span class='ocrx_word' id='word_1_170' title='bbox 281 2172 405 2214; x_wconf 91' lang='lat' dir='ltr'>numero</span> <span class='ocrx_word' id='word_1_171' title='bbox 430 2154 641 2234; x_wconf 85' lang='lat' dir='ltr'>sacrilegarum</span> <span class='ocrx_word' id='word_1_172' title='bbox 661 2157 770 2216; x_wconf 89' lang='lat' dir='ltr'>artidm</span> <span class='ocrx_word' id='word_1_173' title='bbox 788 2162 924 2234; x_wconf 86' lang='lat' dir='ltr'>exempta</span> <span class='ocrx_word' id='word_1_174' title='bbox 942 2173 1010 2215; x_wconf 89' lang='lat' dir='ltr'>raso</span> <span class='ocrx_word' id='word_1_175' title='bbox 1029 2155 1135 2235; x_wconf 94' lang='lat' dir='ltr'>capillo</span> 
     </span>
     <span class='ocr_line' id='line_1_23' title="bbox 115 2241 1136 2323; baseline 0.005 -22"><span class='ocrx_word' id='word_1_176' title='bbox 115 2241 291 2321; x_wconf 35' lang='lat' dir='ltr'>*superfluae</span> <span class='ocrx_word' id='word_1_177' title='bbox 315 2243 468 2321; x_wconf 84' lang='lat' dir='ltr'>religionis</span> <span class='ocrx_word' id='word_1_178' title='bbox 493 2262 526 2304; x_wconf 90' lang='lat' dir='ltr'>ac</span> <span class='ocrx_word' id='word_1_179' title='bbox 550 2243 709 2323; x_wconf 89' lang='lat' dir='ltr'>supercilio</span> <span class='ocrx_word' id='word_1_180' title='bbox 729 2246 870 2305; x_wconf 88' lang='lat' dir='ltr'>scientiae</span> <span class='ocrx_word' id='word_1_181' title='bbox 894 2244 1055 2305; x_wconf 90' lang='lat' dir='ltr'>saecularis</span> <span class='ocrx_word' id='word_1_182' title='bbox 1075 2264 1136 2306; x_wconf 90' lang='lat' dir='ltr'>am-</span> 
     </span>
     <span class='ocr_line' id='line_1_24' title="bbox 124 2332 1136 2413; baseline 0.004 -23"><span class='ocrx_word' id='word_1_183' title='bbox 124 2333 293 2412; x_wconf 90' lang='lat' dir='ltr'>putatisque</span> <span class='ocrx_word' id='word_1_184' title='bbox 316 2338 555 2411; x_wconf 89' lang='lat' dir='ltr'>pervetustarum</span> <span class='ocrx_word' id='word_1_185' title='bbox 577 2335 703 2393; x_wconf 89' lang='lat' dir='ltr'>vestium</span> <span class='ocrx_word' id='word_1_186' title='bbox 727 2335 818 2413; x_wconf 84' lang='lat' dir='ltr'>rugis,</span> <span class='ocrx_word' id='word_1_187' title='bbox 841 2332 872 2392; x_wconf 93' lang='lat' dir='ltr'>id</span> <span class='ocrx_word' id='word_1_188' title='bbox 895 2338 941 2393; x_wconf 88' lang='lat' dir='ltr'>cst</span> <span class='ocrx_word' id='word_1_189' title='bbox 959 2335 1054 2394; x_wconf 92' lang='lat' dir='ltr'>tristis</span> <span class='ocrx_word' id='word_1_190' title='bbox 1073 2334 1136 2395; x_wconf 91' lang='lat' dir='ltr'>dia-</span> 
     </span>
     <span class='ocr_line' id='line_1_25' title="bbox 124 2417 1135 2502; baseline 0.004 -24"><span class='ocrx_word' id='word_1_191' title='bbox 124 2417 245 2481; x_wconf 91' lang='lat' dir='ltr'>lecticae</span> <span class='ocrx_word' id='word_1_192' title='bbox 268 2420 395 2482; x_wconf 86' lang='lat' dir='ltr'>flexibus</span> <span class='ocrx_word' id='word_1_193' title='bbox 419 2420 490 2481; x_wconf 84' lang='lat' dir='ltr'>lalsa</span> <span class='ocrx_word' id='word_1_194' title='bbox 509 2439 625 2481; x_wconf 92' lang='lat' dir='ltr'>morum</span> <span class='ocrx_word' id='word_1_195' title='bbox 645 2429 674 2482; x_wconf 93' lang='lat' dir='ltr'>et</span> <span class='ocrx_word' id='word_1_196' title='bbox 692 2421 795 2481; x_wconf 88' lang='lat' dir='ltr'>illicita</span> <span class='ocrx_word' id='word_1_197' title='bbox 813 2421 987 2502; x_wconf 90' lang='lat' dir='ltr'>velantibus,</span> <span class='ocrx_word' id='word_1_198' title='bbox 1010 2425 1135 2502; x_wconf 84' lang='lat' dir='ltr'>mystico</span> 
     </span>
     <span class='ocr_line' id='line_1_26' title="bbox 123 2507 1176 2588; baseline -0.001 -20"><span class='ocrx_word' id='word_1_199' title='bbox 123 2508 260 2588; x_wconf 83' lang='lat' dir='ltr'>amplexu</span> <span class='ocrx_word' id='word_1_200' title='bbox 275 2512 333 2574; x_wconf 93' lang='lat' dir='ltr'>iam</span> <span class='ocrx_word' id='word_1_201' title='bbox 353 2509 501 2570; x_wconf 88' lang='lat' dir='ltr'>defaecata</span> <span class='ocrx_word' id='word_1_202' title='bbox 519 2517 618 2570; x_wconf 91' lang='lat' dir='ltr'>tecum</span> <span class='ocrx_word' id='word_1_203' title='bbox 637 2509 769 2584; x_wconf 79' lang='lat' dir='ltr'>membra</span> <span class='ocrx_word' id='word_1_204' title='bbox 788 2511 949 2571; x_wconf 85' lang='lat' dir='ltr'>coniunxit.</span> <span class='ocrx_word' id='word_1_205' title='bbox 988 2507 1039 2572; x_wconf 87' lang='lat'>13.</span> <span class='ocrx_word' id='word_1_206' title='bbox 1062 2511 1135 2572; x_wconf 90' lang='lat' dir='ltr'>haec</span> <span class='ocrx_word' id='word_1_207' title='bbox 1150 2527 1176 2568; x_wconf 79' lang='grc'>33</span> 
     </span>
     <span class='ocr_line' id='line_1_27' title="bbox 122 2595 1136 2680; baseline 0.005 -24"><span class='ocrx_word' id='word_1_208' title='bbox 122 2595 160 2656; x_wconf 90' lang='lat' dir='ltr'>ab</span> <span class='ocrx_word' id='word_1_209' title='bbox 183 2601 268 2658; x_wconf 91' lang='lat' dir='ltr'>annis</span> <span class='ocrx_word' id='word_1_210' title='bbox 291 2605 389 2658; x_wconf 86' lang='lat' dir='ltr'>vestra</span> <span class='ocrx_word' id='word_1_211' title='bbox 421 2601 481 2658; x_wconf 90' lang='lat' dir='ltr'>iam</span> <span class='ocrx_word' id='word_1_212' title='bbox 508 2598 619 2659; x_wconf 92' lang='lat' dir='ltr'>dudum</span> <span class='ocrx_word' id='word_1_213' title='bbox 646 2599 808 2678; x_wconf 92' lang='lat' dir='ltr'>pedisequa</span> <span class='ocrx_word' id='word_1_214' title='bbox 839 2598 1030 2680; x_wconf 70' lang='lat' dir='ltr'>primoribus</span> <span class='ocrx_word' id='word_1_215' title='bbox 1062 2599 1136 2661; x_wconf 91' lang='lat' dir='ltr'>haec</span> 
     </span>
     <span class='ocr_line' id='line_1_28' title="bbox 121 2685 1135 2769; baseline 0.004 -25"><span class='ocrx_word' id='word_1_216' title='bbox 121 2693 174 2768; x_wconf 69' lang='lat' dir='ltr'>⁴tuo</span> <span class='ocrx_word' id='word_1_217' title='bbox 198 2685 284 2746; x_wconf 91' lang='lat' dir='ltr'>lateri</span> <span class='ocrx_word' id='word_1_218' title='bbox 307 2705 406 2747; x_wconf 89' lang='lat' dir='ltr'>comcs</span> <span class='ocrx_word' id='word_1_219' title='bbox 430 2687 646 2769; x_wconf 89' lang='lat' dir='ltr'>inseparabilis,</span> <span class='ocrx_word' id='word_1_220' title='bbox 671 2690 731 2748; x_wconf 90' lang='lat' dir='ltr'>sive</span> <span class='ocrx_word' id='word_1_221' title='bbox 755 2689 786 2747; x_wconf 92' lang='lat' dir='ltr'>in</span> <span class='ocrx_word' id='word_1_222' title='bbox 808 2685 966 2766; x_wconf 88' lang='lat' dir='ltr'>palaestris</span> <span class='ocrx_word' id='word_1_223' title='bbox 984 2690 1135 2748; x_wconf 83' lang='lat' dir='ltr'>exerceris</span> 
     </span>
     <span class='ocr_line' id='line_1_29' title="bbox 125 2773 1135 2856; baseline 0.005 -24"><span class='ocrx_word' id='word_1_224' title='bbox 125 2773 246 2833; x_wconf 88' lang='lat' dir='ltr'>urbanis</span> <span class='ocrx_word' id='word_1_225' title='bbox 279 2777 340 2835; x_wconf 89' lang='lat' dir='ltr'>sive</span> <span class='ocrx_word' id='word_1_226' title='bbox 373 2778 404 2835; x_wconf 90' lang='lat' dir='ltr'>in</span> <span class='ocrx_word' id='word_1_227' title='bbox 437 2777 582 2837; x_wconf 90' lang='lat' dir='ltr'>abstrusis</span> <span class='ocrx_word' id='word_1_228' title='bbox 619 2794 769 2836; x_wconf 91' lang='lat' dir='ltr'>macerare</span> <span class='ocrx_word' id='word_1_229' title='bbox 803 2773 1025 2856; x_wconf 83' lang='lat' dir='ltr'>solitudinibus,</span> <span class='ocrx_word' id='word_1_230' title='bbox 1061 2776 1135 2837; x_wconf 90' lang='lat' dir='ltr'>haec</span> 
     </span>
     <span class='ocr_line' id='line_1_30' title="bbox 124 2861 1135 2945; baseline 0.005 -24"><span class='ocrx_word' id='word_1_231' title='bbox 124 2861 265 2922; x_wconf 83' lang='lat' dir='ltr'>Athenaei</span> <span class='ocrx_word' id='word_1_232' title='bbox 292 2881 427 2945; x_wconf 92' lang='lat' dir='ltr'>consors,</span> <span class='ocrx_word' id='word_1_233' title='bbox 459 2865 532 2927; x_wconf 87' lang='lat' dir='ltr'>haec</span> <span class='ocrx_word' id='word_1_234' title='bbox 559 2866 752 2945; x_wconf 84' lang='lat' dir='ltr'>monasterii,</span> <span class='ocrx_word' id='word_1_235' title='bbox 776 2872 875 2925; x_wconf 89' lang='lat' dir='ltr'>tecum</span> <span class='ocrx_word' id='word_1_236' title='bbox 897 2864 1061 2925; x_wconf 89' lang='lat' dir='ltr'>mundanas</span> <span class='ocrx_word' id='word_1_237' title='bbox 1084 2865 1135 2926; x_wconf 90' lang='lat' dir='ltr'>ab·</span> 
     </span>
     <span class='ocr_line' id='line_1_31' title="bbox 123 2949 1175 3034; baseline 0.002 -24"><span class='ocrx_word' id='word_1_238' title='bbox 123 2949 209 3032; x_wconf 90' lang='lat' dir='ltr'>dicat,</span> <span class='ocrx_word' id='word_1_239' title='bbox 232 2958 332 3011; x_wconf 90' lang='lat' dir='ltr'>tecum</span> <span class='ocrx_word' id='word_1_240' title='bbox 355 2970 498 3031; x_wconf 90' lang='lat' dir='ltr'>supernas</span> <span class='ocrx_word' id='word_1_241' title='bbox 521 2954 671 3034; x_wconf 92' lang='lat' dir='ltr'>praedicat</span> <span class='ocrx_word' id='word_1_242' title='bbox 694 2953 875 3032; x_wconf 91' lang='lat' dir='ltr'>disciplinas.</span> <span class='ocrx_word' id='word_1_243' title='bbox 920 2953 990 3013; x_wconf 91' lang='lat' dir='ltr'>huic</span> <span class='ocrx_word' id='word_1_244' title='bbox 1014 2954 1133 3034; x_wconf 91' lang='lat' dir='ltr'>copula·</span> <span class='ocrx_word' id='word_1_245' title='bbox 1147 2974 1175 3012; x_wconf 89' lang='grc'>33</span> 
     </span>
     <span class='ocr_line' id='line_1_32' title="bbox 124 3041 1135 3123; baseline 0.005 -24"><span class='ocrx_word' id='word_1_246' title='bbox 124 3047 187 3100; x_wconf 91' lang='lat' dir='ltr'>tum</span> <span class='ocrx_word' id='word_1_247' title='bbox 205 3047 235 3100; x_wconf 90' lang='lat' dir='ltr'>te</span> <span class='ocrx_word' id='word_1_248' title='bbox 253 3042 442 3101; x_wconf 88' lang='lat' dir='ltr'>matrimonio</span> <span class='ocrx_word' id='word_1_249' title='bbox 458 3045 510 3121; x_wconf 86' lang='lat' dir='ltr'>qui</span> <span class='ocrx_word' id='word_1_250' title='bbox 528 3042 720 3123; x_wconf 89' lang='lat' dir='ltr'>lacessiverit,</span> <span class='ocrx_word' id='word_1_251' title='bbox 740 3045 847 3102; x_wconf 88' lang='lat' dir='ltr'>sentiet</span> <span class='ocrx_word' id='word_1_252' title='bbox 866 3041 1009 3102; x_wconf 89' lang='lat' dir='ltr'>ecclesiae</span> <span class='ocrx_word' id='word_1_253' title='bbox 1023 3042 1135 3105; x_wconf 82' lang='lat' dir='ltr'>Christi</span> 
     </span>
     <span class='ocr_line' id='line_1_33' title="bbox 68 3127 1134 3215; baseline 0.005 -27"><span class='ocrx_word' id='word_1_254' title='bbox 68 3129 71 3136; x_wconf 90' lang='lat'>&#39;</span> <span class='ocrx_word' id='word_1_255' title='bbox 125 3127 253 3190; x_wconf 92' lang='lat' dir='ltr'>Platonis</span> <span class='ocrx_word' id='word_1_256' title='bbox 276 3129 464 3190; x_wconf 83' lang='lat' dir='ltr'>Academiam</span> <span class='ocrx_word' id='word_1_257' title='bbox 491 3130 619 3192; x_wconf 88' lang='lat' dir='ltr'>militare</span> <span class='ocrx_word' id='word_1_258' title='bbox 646 3139 734 3212; x_wconf 91' lang='lat' dir='ltr'>teque</span> <span class='ocrx_word' id='word_1_259' title='bbox 762 3129 892 3192; x_wconf 88' lang='lat' dir='ltr'>nobilius</span> <span class='ocrx_word' id='word_1_260' title='bbox 918 3130 1134 3215; x_wconf 81' lang='lat' dir='ltr'>philosophari3</span> 
     </span>
    </p>
   </div>
   <div class='ocr_carea' id='block_1_3' title="bbox 124 3300 1134 3660">
    <p class='ocr_par' dir='ltr' id='par_1_3' title="bbox 124 3300 1134 3660">
     <span class='ocr_line' id='line_1_34' title="bbox 196 3300 1134 3373; baseline 0.009 -21"><span class='ocrx_word' id='word_1_261' title='bbox 196 3305 210 3352; x_wconf 95' lang='lat'><strong>1</strong></span> <span class='ocrx_word' id='word_1_262' title='bbox 230 3300 322 3355; x_wconf 86' lang='lat' dir='ltr'>titulis</span> <span class='ocrx_word' id='word_1_263' title='bbox 345 3301 536 3370; x_wconf 83' lang='lat' dir='ltr'>exemplisque</span> <span class='ocrx_word' id='word_1_264' title='bbox 560 3303 724 3371; x_wconf 81' lang='lat' dir='ltr'>congestum</span> <span class='ocrx_word' id='word_1_265' title='bbox 748 3318 797 3358; x_wconf 84' lang='lat' dir='ltr'>om.</span> <span class='ocrx_word' id='word_1_266' title='bbox 819 3303 843 3358; x_wconf 79' lang='lat'><em>0</em></span> <span class='ocrx_word' id='word_1_267' title='bbox 866 3304 875 3373; x_wconf 88' lang='grc' dir='ltr'>ΙΙ</span> <span class='ocrx_word' id='word_1_268' title='bbox 902 3308 919 3357; x_wconf 85' lang='lat'>4</span> <span class='ocrx_word' id='word_1_269' title='bbox 937 3302 1042 3357; x_wconf 73' lang='lat' dir='ltr'>rushes</span> <span class='ocrx_word' id='word_1_270' title='bbox 1060 3309 1092 3358; x_wconf 83' lang='lat' dir='ltr'>ut</span> <span class='ocrx_word' id='word_1_271' title='bbox 1109 3322 1134 3360; x_wconf 84' lang='lat' dir='ltr'>o.</span> 
     </span>
     <span class='ocr_line' id='line_1_35' title="bbox 124 3371 1134 3442; baseline 0.003 -16"><span class='ocrx_word' id='word_1_272' title='bbox 124 3387 190 3426; x_wconf 83' lang='lat' dir='ltr'>erue.</span> <span class='ocrx_word' id='word_1_273' title='bbox 206 3372 264 3441; x_wconf 87' lang='lat' dir='ltr'>M¹‚</span> <span class='ocrx_word' id='word_1_274' title='bbox 281 3390 331 3428; x_wconf 80' lang='grc'><strong>333.</strong></span> <span class='ocrx_word' id='word_1_275' title='bbox 349 3372 435 3429; x_wconf 81' lang='lat' dir='ltr'>GPF</span> <span class='ocrx_word' id='word_1_276' title='bbox 447 3377 486 3441; x_wconf 74' lang='lat'>{19</span> <span class='ocrx_word' id='word_1_277' title='bbox 506 3371 705 3428; x_wconf 67' lang='lat' dir='ltr'>dissentionis</span> <span class='ocrx_word' id='word_1_278' title='bbox 726 3376 769 3442; x_wconf 83' lang='lat' dir='ltr'>(ct</span> <span class='ocrx_word' id='word_1_279' title='bbox 786 3392 810 3430; x_wconf 86' lang='grc'><strong>3.</strong></span> <span class='ocrx_word' id='word_1_280' title='bbox 830 3391 898 3430; x_wconf 82' lang='lat' dir='ltr'>corr.</span> <span class='ocrx_word' id='word_1_281' title='bbox 918 3391 951 3430; x_wconf 78' lang='lat' dir='ltr'>ec</span> <span class='ocrx_word' id='word_1_282' title='bbox 970 3373 1134 3429; x_wconf 84' lang='lat' dir='ltr'>dictationis</span> 
     </span>
     <span class='ocr_line' id='line_1_36' title="bbox 125 3443 1133 3516; baseline 0.007 -20"><span class='ocrx_word' id='word_1_283' title='bbox 125 3443 229 3511; x_wconf 55' lang='lat' dir='ltr'><em>M¹)‚M‚</em></span> <span class='ocrx_word' id='word_1_284' title='bbox 248 3443 399 3498; x_wconf 84' lang='lat' dir='ltr'>dicationis</span> <span class='ocrx_word' id='word_1_285' title='bbox 419 3444 480 3499; x_wconf 83' lang='lat' dir='ltr'>PF</span> <span class='ocrx_word' id='word_1_286' title='bbox 495 3447 505 3511; x_wconf 84' lang='grc' dir='ltr'>ΙΙ</span> <span class='ocrx_word' id='word_1_287' title='bbox 525 3451 558 3499; x_wconf 89' lang='grc'>10</span> <span class='ocrx_word' id='word_1_288' title='bbox 576 3444 606 3498; x_wconf 87' lang='lat' dir='ltr'>in</span> <span class='ocrx_word' id='word_1_289' title='bbox 625 3452 688 3500; x_wconf 79' lang='lat' dir='ltr'>cute</span> <span class='ocrx_word' id='word_1_290' title='bbox 705 3444 828 3516; x_wconf 85' lang='lat' dir='ltr'>ingeniis</span> <span class='ocrx_word' id='word_1_291' title='bbox 847 3463 867 3501; x_wconf 86' lang='grc'><strong>3.</strong></span> <span class='ocrx_word' id='word_1_292' title='bbox 888 3448 905 3501; x_wconf 89' lang='lat' dir='ltr'>l.</span> <span class='ocrx_word' id='word_1_293' title='bbox 924 3447 989 3501; x_wconf 84' lang='lat' dir='ltr'>add.</span> <span class='ocrx_word' id='word_1_294' title='bbox 1009 3446 1064 3514; x_wconf 72' lang='lat' dir='ltr'>Ml,</span> <span class='ocrx_word' id='word_1_295' title='bbox 1083 3463 1133 3503; x_wconf 88' lang='lat' dir='ltr'>om.</span> 
     </span>
     <span class='ocr_line' id='line_1_37' title="bbox 127 3513 1133 3588; baseline 0.009 -22"><span class='ocrx_word' id='word_1_296' title='bbox 127 3513 180 3567; x_wconf 82' lang='lat' dir='ltr'>OF</span> <span class='ocrx_word' id='word_1_297' title='bbox 195 3518 199 3583; x_wconf 88' lang='grc' dir='ltr'>Ι</span> <span class='ocrx_word' id='word_1_298' title='bbox 215 3515 299 3570; x_wconf 85' lang='lat' dir='ltr'>facile</span> <span class='ocrx_word' id='word_1_299' title='bbox 316 3534 337 3572; x_wconf 86' lang='lat' dir='ltr'>s.</span> <span class='ocrx_word' id='word_1_300' title='bbox 358 3517 375 3572; x_wconf 84' lang='lat' dir='ltr'>l.</span> <span class='ocrx_word' id='word_1_301' title='bbox 395 3518 459 3572; x_wconf 83' lang='lat' dir='ltr'>add.</span> <span class='ocrx_word' id='word_1_302' title='bbox 474 3517 521 3570; x_wconf 80' lang='grc' dir='ltr'>Μ1</span> <span class='ocrx_word' id='word_1_303' title='bbox 535 3519 544 3585; x_wconf 85' lang='grc' dir='ltr'>ΙΙ</span> <span class='ocrx_word' id='word_1_304' title='bbox 559 3521 592 3569; x_wconf 80' lang='grc'>14</span> <span class='ocrx_word' id='word_1_305' title='bbox 610 3515 655 3570; x_wconf 84' lang='lat' dir='ltr'>his</span> <span class='ocrx_word' id='word_1_306' title='bbox 673 3515 761 3587; x_wconf 85' lang='lat' dir='ltr'>igitur</span> <span class='ocrx_word' id='word_1_307' title='bbox 781 3516 872 3588; x_wconf 76' lang='grc'><strong>01128</strong></span> <span class='ocrx_word' id='word_1_308' title='bbox 891 3533 1032 3572; x_wconf 81' lang='lat' dir='ltr'>macerare</span> <span class='ocrx_word' id='word_1_309' title='bbox 1052 3521 1133 3586; x_wconf 79' lang='lat' dir='ltr'>(corr.</span> 
     </span>
     <span class='ocr_line' id='line_1_38' title="bbox 124 3586 774 3660; baseline 0.009 -22"><span class='ocrx_word' id='word_1_310' title='bbox 124 3586 154 3639; x_wconf 83' lang='lat' dir='ltr'>c&#39;u</span> <span class='ocrx_word' id='word_1_311' title='bbox 171 3602 311 3642; x_wconf 85' lang='lat' dir='ltr'>macerere</span> <span class='ocrx_word' id='word_1_312' title='bbox 330 3589 367 3642; x_wconf 89' lang='lat' dir='ltr'><strong><em>M</em></strong></span> <span class='ocrx_word' id='word_1_313' title='bbox 371 3587 545 3658; x_wconf 67' lang='lat' dir='ltr'>21³¹)M0P,</span> <span class='ocrx_word' id='word_1_314' title='bbox 562 3604 702 3643; x_wconf 82' lang='lat' dir='ltr'>macerare</span> <span class='ocrx_word' id='word_1_315' title='bbox 723 3589 754 3644; x_wconf 87' lang='lat' dir='ltr'><em>F</em></span> <span class='ocrx_word' id='word_1_316' title='bbox 765 3591 774 3660; x_wconf 83' lang='grc' dir='ltr'>ΙΙ</span> 
     </span>
    </p>
   </div>
   <div class='ocr_carea' id='block_1_4' title="bbox 0 0 1311 4056">
    <p class='ocr_par' dir='ltr' id='par_1_4' title="bbox 0 0 1311 4056">
     <span class='ocr_line' id='line_1_39' title="bbox 0 0 1311 4056; baseline 0 0"><span class='ocrx_word' id='word_1_317' title='bbox 0 0 1311 4056; x_wconf 95' lang='lat' dir='ltr'> </span> 
     </span>
    </p>
   </div>
  </div>
 </body>
</html>
