2636 4032
180 192 223 256 50
540 189 828 246 nmnnrnnrms.

181 340 333 402 scendere.
386 337 416 402 3.
448 341 552 420 igitur,
585 339 663 418 quod
696 339 760 400 loco
792 342 923 419 primore
957 341 1022 400 lieri
1054 360 1108 420 par
1141 351 1203 423 est,

180 432 295 508 agimus
314 431 423 508 gratias
445 428 553 490 uberes
573 428 701 509 Christo,
725 431 776 507 qui
795 436 904 489 statum
923 429 1108 491 celsitudinis
1126 439 1201 491 tuae

180 527 213 579 ut
236 517 379 579 hactenus
407 526 564 597 pareutum
587 517 740 578 nobilitate
765 516 935 598 decorabat,
963 521 1004 578 ita
1032 521 1091 580 iam
1115 539 1201 580 nunc

180 606 336 668 titulorum
367 606 514 686 parilitate
547 608 678 688 fastigat3
711 606 800 667 simul
832 615 862 666 et
889 609 1056 668 animorum
1083 609 1200 687 spebus

154 699 289 756 serectis
318 696 361 756 fas
389 704 435 756 est
462 696 498 755 de
529 704 629 756 cetero
657 714 778 775 sperare
806 695 937 756 meliora.
984 704 1063 756 certe
1088 698 1201 758 creber

180 785 405 864 provincialium
438 803 535 845 sermo
568 793 615 845 est
647 803 755 845 annum
784 783 896 844 bonum
927 785 963 846 de
990 788 1106 864 magnis
1134 805 1200 847 non

179 882 240 934 tam
267 873 413 934 fructibus
442 892 529 953 quam
557 872 753 953 potestatibus
784 874 1024 934 existimandum.
1070 894 1127 954 qua
1159 876 1200 936 de

179 982 212 1022 re
244 970 377 1023 restrum
404 969 464 1043 est,
496 963 614 1023 domine
642 965 751 1043 maior,
783 965 1034 1042 exspectationem
1061 972 1200 1024 nostram

181 1051 416 1132 competentibus
440 1050 685 1129 dispositionibus
709 1053 868 1112 munerari.
906 1071 974 1113 nam
997 1069 1112 1113 memor
1134 1056 1200 1113 ori-

111 1160 167 1201 ·10
181 1143 259 1220 ginis
291 1148 359 1200 tuae
392 1139 536 1201 nobilium
565 1139 623 1200 sibi
652 1143 801 1220 persuasit
828 1143 1021 1221 universitas,
1054 1142 1200 1220 quamdiu

181 1248 235 1290 nos
259 1228 361 1289 Sabini
384 1229 495 1289 familia
518 1231 643 1310 rexerit,
667 1229 820 1289 Sabiniani
842 1229 982 1290 familiam
1007 1249 1066 1291 non
1088 1233 1201 1291 timen-

183 1319 258 1378 dam.
295 1317 367 1378 vale.

652 1508 724 1575 VII.

397 1630 564 1686 SIDONIUS
583 1631 700 1688 rumor
719 1631 787 1687 SUO
807 1631 985 1686 SALUTEM.

250 1743 278 1805 1.
297 1743 431 1824 Longum
450 1746 589 1806 alitteris
607 1747 788 1824 temperatis.
819 1741 910 1824 igitur
924 1746 1043 1824 utrique
1058 1753 1200 1806 nostrum

143 1853 168 1894 15
182 1852 247 1894 mos
271 1852 341 1894 suus
366 1837 475 1913 agitur:
498 1852 552 1912 ego
577 1837 684 1915 garrio,
707 1853 758 1895 vos
777 1836 892 1895 tacetis.
929 1834 1008 1895 unde
1029 1837 1126 1915 etiam,
1150 1837 1201 1894 vir

182 1923 217 1983 ad
241 1922 355 2002 reliqua
383 1923 454 1983 fidei
481 1924 577 1983 officia
604 1925 743 2005 insignis,
771 1942 865 2002 genus
893 1941 962 1983 reor
985 1941 1051 1983 esse
1074 1925 1198 1984 virtutis

181 2018 263 2071 tanto
290 2019 321 2071 te
350 2014 410 2071 otio
439 2030 499 2072 non
521 2030 609 2090 posse
634 2011 746 2073 lassari.
792 2012 899 2091 ecquid
923 2030 1123 2091 niunquamne
1148 2031 1198 2072 re-

182 2108 286 2179 spectu
309 2100 465 2161 movebere
490 2100 695 2161 familiaritatis
720 2103 866 2182 antiquae,
888 2109 922 2162 ut
940 2101 1060 2162 taudem
1083 2120 1099 2161 a
1126 2119 1199 2161 con-

182 2188 318 2248 tinuandi
337 2189 449 2249 silentii
466 2191 618 2268 proposito
636 2190 743 2269 pedem
762 2187 897 2251 referas?
929 2196 980 2251 aut
998 2192 1106 2270 nescis,
1126 2193 1198 2269 quia

143 2299 170 2340 ao
183 2276 301 2356 garrulo
334 2295 393 2337 non
426 2278 606 2357 respondere
636 2282 800 2339 convicium
830 2276 899 2340 est?
948 2287 980 2340 tu
1014 2281 1122 2340 retices
1150 2279 1199 2339 vel

183 2365 437 2446 bybliothecarum
459 2367 576 2428 medius
599 2366 645 2426 vel
668 2375 804 2447 togarum
824 2374 853 2428 et
872 2388 888 2428 a
906 2388 953 2428 me
974 2369 1104 2429 officium
1123 2387 1197 2448 pau-

183 2457 295 2533 pertini
314 2458 460 2516 sermonis
479 2463 626 2537 expectas,
650 2459 698 2518 cui
717 2456 877 2538 scribendi,
900 2459 926 2518 si
945 2457 1020 2517 bene
1039 2460 1198 2539 perspicis,

184 2546 277 2622 magis
297 2552 343 2604 est
360 2543 486 2605 facilitas
505 2563 593 2624 quam
612 2545 744 2606 facultas.
769 2543 797 2606 2.
817 2554 898 2606 certe
917 2545 963 2605 vel
982 2553 1079 2606 metus
1093 2554 1199 2607 noster

114 2671 116 2674 -
183 2635 338 2693 materiam
353 2633 420 2694 stilo
435 2641 485 2694 tuo
506 2633 602 2714 faeiat,
621 2643 828 2714 mementoque
847 2638 994 2696 viatorum
1009 2653 1115 2696 manus
1130 2654 1197 2714 gra·

144 2744 170 2784 25
184 2741 252 2782 vare
281 2721 407 2804 chartis,
435 2725 573 2801 quatinus
597 2725 760 2784 amicorum
784 2742 855 2784 cura
877 2724 1039 2805 relevetur,
1068 2731 1097 2785 et
1120 2724 1198 2784 indi-

184 2829 251 2871 care
276 2811 392 2892 festina,
415 2814 441 2871 si
464 2830 552 2891 quam
575 2814 694 2891 praevio
713 2813 769 2872 deo
789 2821 928 2890 quaestor
947 2813 1117 2874 Licinianus
1135 2821 1196 2872 tre-

183 2900 328 2980 pidationi
359 2908 479 2961 mutuae
511 2903 629 2961 ianuam
663 2903 831 2961 securitatis
859 2904 1018 2981 aperuerit.
1069 2920 1196 2982 persona

185 2989 331 3068 siquidem
355 2997 409 3071 est,
432 2998 465 3050 ut
487 2989 654 3070 perhibent,
677 3008 783 3068 magna
806 2993 1009 3069 expectatione
1033 2994 1127 3051 maior
1146 2991 1196 3051 ad-

184 3086 282 3160 ventu,
310 3076 406 3139 relatu
434 3078 570 3139 sublimis
597 3081 780 3158 inspectione
805 3078 960 3139 sublimior
983 3087 1013 3140 et
1036 3080 1073 3140 ob
1098 3082 1197 3140 omnia

256 3273 271 3320 3
290 3267 361 3332 iam]
386 3265 473 3340 ptiam
493 3266 591 3336 01111
611 3265 721 3322 familia
743 3267 847 3322 rexerit
870 3267 1012 3323 sabiniani
1032 3269 1082 3337 Ol
1105 3273 1138 3322 13
1156 3275 1197 3326 to-

184 3343 241 3392 tam
259 3354 298 3407 ep.
318 3337 380 3391 VII
392 3355 442 3392 om.
459 3339 485 3392 Τ
499 3340 503 3406 Ι
519 3339 724 3407 inscriptionem
742 3357 770 3393 u.
784 3357 808 3394 o.
823 3357 847 3394 c.
863 3356 914 3395 om.
929 3340 956 3394 L
969 3344 978 3410 ll
993 3345 1026 3393 17
1044 3355 1198 3407 numquam

184 3424 238 3463 ne*
258 3413 286 3476 (1
306 3409 323 3463 l.
343 3425 410 3463 eras.
426 3409 517 3477 P¹)P,
539 3425 694 3477 numquam
715 3425 767 3463 nec
786 3409 963 3480 Duetjolrauu
984 3414 994 3478 ΙΙ
1017 3415 1051 3465 18
1070 3409 1198 3472 continu-

185 3478 253 3532 andi
271 3479 347 3545 ΒΝ,
370 3478 527 3533 continuati
546 3479 584 3533 M
589 3479 650 3549 VO,
669 3481 711 3534 vel
733 3480 916 3535 continuandi
933 3481 1035 3536 melius
1055 3483 1118 3538 aaa.
1137 3497 1158 3536 8.
1179 3484 1196 3538 l.

66 3584 70 3595 ι
184 3549 275 3605 M²V¹
289 3553 299 3619 l
313 3555 346 3603 22
367 3549 412 3603 cui
431 3549 497 3604 ΒΝ
516 3551 640 3606 Vaticani.
657 3554 738 3619 3421,
758 3552 837 3606 cuius
861 3552 952 3608 VMO
962 3555 972 3622 ΙΙ
