2614 4030
511 246 725 303 PRAEFATIO.
1061 248 1123 302 XIX

36 385 38 422 ‘¹
92 399 234 476 propius
268 396 399 477 accedit,
429 398 469 456 ita
499 395 631 458 scribere
661 413 750 457 ausus
782 414 855 457 sum.
884 431 925 438 -—
954 396 995 457 lb.
1019 396 1125 476 Engel-

33 475 37 562 i
92 485 239 546 brechtii
263 488 466 546 coniecturam
489 479 521 570 (l.
541 485 558 546 l.
579 505 606 565 p.
630 480 683 568 13)
707 503 794 561 quem
813 505 873 548 non
891 490 972 560 uelis,
994 493 1029 546 ut
1047 505 1121 565 quae

92 595 133 635 ex
162 575 309 635 codicum
338 576 486 653 scriptura
513 575 629 636 facilius
657 574 725 635 elici
752 576 847 653 possit
875 568 1023 657 (vellimus
1046 577 1077 635 in
1099 575 1123 634 L

92 671 146 723 est
180 683 231 743 ep.
250 663 305 742 l[l,
323 659 358 743 4,
378 656 428 745 2),
460 663 657 743 Luetjohanni
686 663 887 724 emendationi
915 682 1002 739 quem
1031 668 1125 726 nolles

94 752 247 831 praetuli.
269 786 310 794 —
331 751 372 812 lb.
388 748 407 813 8
431 756 520 814 elutis
539 755 648 813 nonin
667 755 776 827 exutis,
800 751 878 831 quod
897 750 1124 831 Eugelhrechtio

92 840 215 922 placet,
238 840 414 901 mutandum
438 848 492 902 cst.
534 841 608 902 Nam
633 841 741 919 singuli
765 840 905 920 deinceps
928 841 1037 919 gradus
1061 842 1123 901 olli-

94 933 225 991 ciorum
257 929 457 1009 exequialium
488 937 713 1010 enumerantur,
745 932 859 1009 primus
887 929 1018 1011 eluendi,
1050 930 1124 991 alter

93 1019 267 1099 vestiendi,
294 1020 402 1079 tertius
425 1018 579 1101 humandi.
604 1053 645 1061 ——
669 1018 709 1079 lb.
730 1015 749 1080 9
778 1018 814 1079 de
840 1022 1076 1095 spectatissimus
1097 1039 1122 1079 v.

92 1107 247 1186 Engelbr.
268 1107 285 1167 l.
305 1107 323 1167 l.
342 1125 370 1186 p.
389 1103 425 1186 4,
449 1109 500 1186 qui
523 1115 604 1169 recte
626 1115 728 1168 monet
749 1107 828 1168 hunc
852 1106 1063 1186 superlativum
1087 1109 1122 1168 ad

97 1196 290 1258 adiectivum
313 1199 487 1274 spectabiles
514 1197 704 1258 referendum
731 1196 832 1257 videri.
858 1231 899 1238 -—
923 1195 975 1276 111,
994 1195 1023 1277 5,
1042 1195 1063 1257 2
1087 1197 1123 1257 de

96 1290 204 1362 ipsius
228 1305 253 1344 v.
273 1303 319 1364 ep.
339 1284 360 1365 1,
375 1281 406 1365 9,
421 1283 449 1345 7.
468 1319 510 1327 —
530 1284 578 1367 ΙΙΙ,
599 1285 659 1366 7,1
686 1289 797 1361 ecquid
817 1303 1018 1361 numquamne
1036 1288 1122 1346 resti-

96 1377 163 1455 tui,
189 1375 227 1434 cf.
246 1372 385 1452 lingelbr.
405 1372 423 1433 l.
442 1373 460 1433 l.
480 1393 508 1453 p.
528 1372 556 1435 5.
578 1409 619 1416 -
643 1373 683 1434 lb.
704 1371 724 1437 3
746 1394 779 1436 se
796 1381 864 1454 post
883 1378 979 1450 episse
997 1376 1122 1456 retinui3

97 1464 137 1524 ct.
160 1463 303 1541 Engelbr.
322 1462 340 1523 l.
360 1462 379 1522 l.
398 1482 425 1542 p.
443 1460 484 1524 10
508 1471 538 1523 et
560 1463 674 1543 Zumpt.
694 1463 730 1524 ad
749 1463 809 1524 Cic.
829 1463 864 1523 de
885 1463 931 1522 off.
950 1461 985 1543 ll,
1005 1461 1055 1544 22,
1072 1461 1121 1526 78.

99 1587 146 1594 -
172 1551 216 1612 lb.
235 1552 258 1612 4
280 1549 503 1630 Luetjohannus
525 1570 683 1631 perperam
706 1555 839 1631 scripsit:
863 1570 951 1627 mapa
974 1553 1123 1626 differunt

99 1659 200 1716 quam
224 1645 409 1715 relinquunt,
432 1658 499 1701 cum
523 1645 698 1717 relinquant
720 1639 857 1701 omnihus
881 1640 943 1700 lere
967 1640 1120 1701 codicibus

99 1729 251 1790 traditum
275 1731 323 1809 sit,
350 1728 526 1790 indicativus
549 1729 638 1790 nullo.
685 1728 726 1790 lle
754 1729 810 1789 hoc
833 1730 1020 1789 coniunctivo
1044 1729 1121 1808 apud

99 1821 206 1898 ipsum
235 1818 390 1879 Sidonium
423 1825 452 1878 et
484 1837 647 1897 aequaevos
680 1820 841 1897 scriptores
873 1819 943 1877 satis
972 1817 1120 1895 frequenti

100 1902 155 1990 (ol.
177 1909 269 1967 etiam
287 1906 377 1966 Hilar.
396 1913 433 1967 tr.
454 1925 533 1986 sps.
553 1927 580 1987 p.
596 1904 670 1988 537,
684 1906 728 1969 22
748 1910 817 1985 plus
835 1909 1012 1982 aiquilicant
1028 1924 1119 1981 poam

100 2005 222 2072 apuam
255 1994 294 2055 ib.
316 2014 345 2075 p.
366 1993 430 2058 605
438 2043 446 2077 ,
467 1993 522 2076 163
555 1995 665 2056 Novell.
689 1995 832 2056 Theodos.
856 1992 986 2074 XXV,2
1018 1999 1120 2057 lanius

100 2103 199 2160 quam
227 2078 379 2168 oporteat)
409 2087 472 2164 ipse
501 2084 623 2146 uberius
651 2087 775 2165 exposui
802 2087 834 2145 in
857 2083 1013 2144 Woelfflin.
1033 2083 1118 2145 Arch.

100 2174 151 2255 Vl,
172 2170 255 2253 4183
284 2173 428 2233 cleliam
451 2172 663 2252 Engclbr.l.l.
687 2193 715 2253 p.
735 2171 764 2235 6.
789 2208 830 2216 -
854 2172 895 2234 lb.
924 2176 1021 2234 eorda
1050 2173 1118 2234 sub-

99 2265 217 2324 iectum
248 2264 393 2322 enuntiati
423 2269 481 2342 est,
514 2270 547 2323 ut
574 2262 606 2323 E.
631 2263 735 2342 Grupii
763 2265 934 2324 coniectura
961 2265 992 2322 in
1021 2266 1118 2324 corda

99 2371 162 2412 non
181 2367 329 2429 egeamus.
345 2385 387 2393 —
405 2350 453 2432 lll,
468 2348 532 2432 8,1
553 2370 655 2413 omnes
674 2351 743 2412 libri
761 2352 834 2412 haec
848 2350 970 2411 habent:
990 2369 1119 2413 ueneror

101 2444 257 2519 antiquos,
267 2458 327 2501 non
338 2447 437 2500 tamen
448 2443 500 2515 ita,
510 2448 545 2501 ut
554 2445 608 2516 qui
616 2459 838 2516 aequaevorum
848 2457 981 2501 meorum
991 2442 1117 2500 uirtutes

101 2537 156 2590 aui
173 2532 285 2589 merita
296 2536 483 2606 postponam.
506 2528 540 2589 ln
555 2529 663 2608 quihus
674 2548 741 2590 cum
750 2528 843 2590 Leoni
857 2533 901 2590 ita
911 2532 1007 2603 utqui
1015 2527 1117 2609 displi-

100 2624 197 2696 ceret,
212 2619 256 2677 ita
269 2626 304 2678 ut
316 2621 421 2692 utique
431 2617 620 2679 scribendum
636 2637 701 2678 esse
711 2621 836 2699 censuit,
852 2616 930 2697 quod
940 2615 1118 2696 Luetjohan·

100 2725 162 2768 nus
178 2704 388 2784 comprobavit
421 2705 478 2767 Sed
494 2707 570 2785 fugit
585 2726 652 2768 eum
664 2706 817 2768 Sidonium
832 2709 931 2786 ipsum
945 2701 1117 2786 ep.1x,9,5

101 2794 253 2856 scribere:
276 2797 358 2869 quod
379 2800 476 2871 mapis
490 2796 569 2871 sera,
594 2801 637 2857 ita
657 2804 764 2870 tamen,
787 2805 821 2857 ut
839 2799 893 2871 qui
910 2797 1014 2854 elicere
1033 2798 1116 2869 ipan-

100 2902 184 2957 rem,
213 2901 272 2944 nan
297 2891 326 2944 et
353 2887 480 2956 audiam
508 2887 673 2965 comparari
701 2887 789 2945 etiam
817 2889 915 2962 potest
938 2881 1046 2961 Symm.
1071 2900 1115 2961 ep.

100 2974 123 3053 l,
146 2970 188 3033 77
216 2966 258 3055 (p.
278 2969 335 3052 33,
356 2970 397 3034 12
408 2966 451 3056 S.)
477 2974 676 3036 Sabinianum
789 2977 832 3034 ila
856 2970 1055 3051 mupnifaeio,
1083 2979 1118 3032 ui

101 3080 180 3138 quos
204 3064 337 3122 maxime
360 3066 439 3143 eolo,
467 3061 548 3122 Caes.
569 3062 604 3124 de
628 3061 695 3122 bell.
715 3059 786 3122 Gall.
806 3060 838 3141 V,
857 3059 898 3123 31
924 3062 1027 3137 prima
1049 3064 1117 3122 luce

101 3156 150 3212 sia
175 3169 215 3210 ex
238 3153 350 3211 castris
369 3155 618 3227 proficiscuntur,
642 3159 675 3212 ut
697 3151 806 3227 quibus
826 3158 903 3211 assei
921 3167 1116 3225 persuasum.

108 3241 148 3301 Ut
170 3238 226 3298 hoc
249 3237 314 3298 loco
337 3255 397 3298 non
420 3243 642 3302 consecutivum
665 3239 717 3300 sed
737 3237 945 3300 correlativum
968 3255 1033 3298 esse
1057 3241 1116 3298 iam

102 3325 352 3406 Engelhrechtius
377 3321 408 3411 (l.
428 3328 446 3389 l.
465 3349 493 3409 p.
516 3322 571 3412 10)
595 3329 754 3408 perspexit.
796 3327 877 3399 Quae
901 3345 967 3388 cum
987 3329 1028 3387 ita
1047 3329 1116 3407 sint,

103 3436 142 3478 ne
163 3415 289 3476 Geislcri
312 3417 433 3494 quidem
457 3420 626 3479 coniectura
650 3435 709 3478 nan
734 3424 841 3498 tumen,
865 3421 908 3478 ita
932 3423 966 3476 ut
983 3419 1116 3491 puidam,

202 3513 381 3583 postponam
414 3501 493 3589 (coll.
516 3505 588 3566 Plin.
609 3525 654 3586 ep.
673 3504 722 3586 Vl,
741 3504 797 3586 21,
818 3499 852 3588 1)
884 3522 958 3585 opus
991 3511 1043 3565 est.
1073 3539 1114 3548 -

106 3595 197 3673 Magis
234 3593 345 3655 offendi
380 3614 467 3676 posse
504 3596 598 3655 fateor
634 3597 665 3654 in
701 3595 878 3656 abundantia
914 3595 1114 3674 negationum,

915 3691 955 3745 b!
