2636 4032
241 145 243 148 ⁵
325 187 492 244 smomus
512 187 681 243 secunao
701 186 769 242 suo
789 186 965 244 smuunu.
1111 187 1155 252 65

133 340 210 419 liqui
238 339 369 417 pretium
395 337 502 418 lapidis
531 339 691 417 operisque
704 338 896 399 'mercedem
948 355 1068 399 carmen
1097 336 1154 397 hoc

134 447 217 509 sane,
236 428 316 507 quod
335 434 544 508 consequetur,
562 434 649 488 nocte
668 429 803 506 proxima
822 428 889 508 leci,
907 445 968 487 non
981 425 1154 507 expolitum,

134 517 240 598 credo,
268 516 347 596 quod
376 518 439 576 viae
468 534 529 576 non
555 534 662 594 parum
689 517 830 577 intentus.
868 513 897 578 5.
922 516 1000 596 quod
1028 523 1097 596 peto
1121 523 1155 576 ut

133 605 263 685 tabulae,
287 604 589 684 quantulumcumque
614 611 668 685 est,
692 604 831 666 celeriter
849 605 982 686 indatur3
1005 606 1058 666 sed
1077 604 1154 686 vide,

134 702 168 756 ut
192 697 298 755 vitium
320 712 380 754 non
403 693 491 755 laciat
513 696 545 754 in
568 711 716 754 marmore
739 693 910 776 lapidicida;
938 693 1017 774 quod
1043 695 1154 755 lactum
1180 710 1196 752 s

133 787 198 845 sive
223 783 259 844 ab
283 783 431 844 industria
455 801 508 843 seu
530 801 585 862 per
603 785 751 844 incuriam
768 782 841 843 mihi
860 785 954 862 magis
973 801 1062 861 quam
1082 801 1154 862 qua-

132 873 266 934 dratario
290 871 515 932 lividus‘lector
538 871 694 932 adscribet
741 890 796 951 ego
819 890 903 953 vero,
932 874 957 932 si
980 874 1029 951 pio
1054 871 1153 932 studio

103 969 238 1040 ‘rogata
261 963 427 1041 curaveris,
456 963 500 1021 sic
522 978 607 1039 agam
629 963 753 1042 gratias,
782 962 867 1041 quasi
890 960 932 1021 nil
955 959 1012 1021 tibi
1035 979 1153 1040 quoque

132 1050 232 1111 laudis
256 1057 306 1110 aut
329 1049 438 1129 gloriae
463 1049 591 1130 accedat,
615 1068 704 1129 quem
727 1058 832 1129 patruo
853 1057 904 1111 tuo
924 1056 1038 1110 remoto
1058 1049 1152 1110 solida

131 1141 303 1219 praesentis
326 1129 418 1199 blficii
442 1137 610 1250 sollicitudo
639 1141 798 1200 mansisset
821 1157 875 1218 pro
903 1139 996 1218 gradu
1020 1140 1151 1200 seminis.
1167 1157 1193 1198 ιο

259 1262 366 1324 Serum
389 1269 456 1343 post
478 1269 601 1342 patruos
623 1271 797 1342 patremque
821 1282 941 1324 carmen

257 1351 336 1413 haud
359 1352 499 1430 indignus
523 1371 575 1412 avo
598 1370 692 1431 nepos
717 1352 821 1433 dicavi,

258 1458 295 1502 ne
319 1442 381 1501 lors
404 1447 537 1519 tempore
562 1448 714 1522 postumo,
737 1444 841 1522 viator,

259 1533 399 1610 ignorans
423 1532 620 1590 reverentiam
643 1529 752 1609 sepulti

219 1631 236 1680 5
258 1619 398 1680 tellurem
420 1626 533 1679 tereres
557 1621 766 1698 inaggeratam.

259 1709 426 1788 praefectus
449 1710 526 1768 iacet
548 1707 597 1768 hic
620 1707 806 1789 Apollinaris

258 1804 326 1876 post
348 1798 496 1876 praetoria
518 1804 600 1857 recta
623 1795 784 1857 Galliarum

259 1888 419 1946 maerentis
441 1887 555 1964 patriae
579 1888 647 1947 sinu
669 1892 819 1966 receptus,

259 1975 497 2036 consultissimus
521 1973 759 2053 utilissimusque

200 2077 234 2124 10
259 2066 338 2125 ruris
361 2062 485 2124 militiae
508 2064 625 2143 forique
648 2063 753 2145 cultor,

259 2151 453 2232 exemploque
477 2151 543 2212 aliis
566 2153 734 2232 periculoso

258 2241 334 2303 liber
358 2240 413 2302 sub
438 2241 658 2302 dominantibus
680 2243 822 2321 tyrannis.

259 2331 332 2392 haec
356 2330 408 2391 sed
432 2332 560 2390 maxima
583 2330 711 2409 dignitas
735 2329 886 2411 probatur,

259 2419 336 2499 quod
360 2419 489 2480 frontem
512 2436 614 2500 cruce,
637 2419 770 2480 membra
793 2419 874 2479 lonte
897 2436 1028 2498 purgans

201 2519 234 2569 15
258 2511 374 2588 primus
397 2508 433 2568 de
458 2526 582 2568 numero
605 2515 724 2588 patrum
748 2526 870 2569 suorum

259 2600 353 2658 sacris
377 2596 530 2675 sacrilegis
553 2599 741 2658 renuntiavit.

258 2687 315 2746 hoc
337 2688 468 2766 primum
491 2692 537 2746 cst
560 2685 660 2767 decue,
682 2687 756 2747 haec
779 2684 907 2765 superba
930 2686 1034 2766 virtus,

260 2794 312 2854 spe
335 2775 528 2856 praecedere,
552 2794 626 2855 quos
649 2774 761 2836 honore
785 2777 899 2853 iungas,

259 2866 370 2943 quique
391 2864 441 2924 hic
465 2871 535 2924 sunt
557 2862 652 2925 titulis
675 2881 762 2942 pares
785 2869 934 2943 parentes,

201 2965 237 3016 20
258 2953 314 3013 hos
337 2952 399 3013 illic
421 2955 537 3014 meritis
555 2955 761 3042 supervenire.

135 3077 167 3141 6.
191 3076 267 3137 Novi
294 3077 414 3156 quidem
438 3079 568 3138 auctoris
591 3080 687 3138 nostri
710 3094 770 3138 non
793 3075 975 3155 respondere
999 3074 1150 3135 doctrinae

136 3166 281 3248 epitaphii
305 3165 484 3245 qualitatem,
508 3167 560 3227 sed
584 3168 681 3227 anima
700 3168 796 3245 perita
815 3167 944 3226 musicas
963 3181 1024 3224 non
1042 3163 1153 3224 refutat

210 3345 225 3392 6
245 3336 337 3406 magis
356 3335 443 3391 michi
462 3337 507 3408 ΟΙ
529 3337 711 3407 quadraturio
735 3340 816 3405 (corr.
836 3337 868 3390 iu
892 3333 1075 3403 quadratario
1094 3335 1153 3403 Μ’)

136 3409 235 3464 Mor
246 3411 256 3478 l
269 3414 285 3462 9
300 3415 365 3478 post
381 3411 483 3478 patruo
502 3412 552 3463 tuo
576 3410 649 3480 quod
667 3411 714 3480 lep.
733 3408 781 3463 vel
799 3423 843 3461 me
861 3409 893 3462 iu
911 3406 1038 3477 LVOT,
1060 3406 1091 3461 id
1110 3409 1154 3461 est

136 3495 189 3622 agataet
202 3479 307 3621 (ἢθη
324 3481 356 3535 ia
377 3497 432 3536 rus.
452 3480 512 3549 Μ’)
536 3482 567 3536 ia
585 3480 623 3534 M
641 3481 739 3537 deleod
757 3479 932 3548 Luetjolcuau
957 3481 967 3548 ΙΙ
981 3496 1019 3554 ¹v.
1036 3484 1070 3533 14
1087 3495 1153 3548 pur·

192 3649 362 3692 Anonmunrus
375 3651 411 3692 ed.
425 3650 512 3692 Mohr.
976 3644 992 3693 5
