2628 4034
505 194 659 250 CARMEN
678 193 776 249 XXIII.
1081 193 1146 258 345

294 362 347 405 seu
370 351 472 423 raptus
496 344 600 422 Tyrios
624 342 781 421 lovemque
805 350 923 404 taurum

293 440 393 512 spreto
417 431 539 493 fulmine
563 433 659 492 fronte
682 431 749 511 plus
773 432 949 513 timendum,

295 540 348 594 seu
371 523 464 583 turris
487 521 601 582 Danaae
625 521 755 581 refertur
777 520 851 601 illic,

293 629 361 672 cum
385 609 510 671 multum
533 609 632 690 pluvio
655 612 747 689 rigata
771 627 863 669 censu
886 618 944 690 est,

223 711 275 762 333
295 700 368 760 dans
391 698 458 779 plus
478 718 567 760 aurea
590 700 667 760 furta
692 716 779 777 quam
803 697 932 780 metalla3

294 807 347 849 seu
369 789 479 850 Ledam
503 791 570 867 quis
593 790 654 867 agit
675 786 880 866 Phrygemque
904 786 1051 867 ephebum

295 886 398 957 aptans
423 878 457 938 ad
482 877 602 957 cyathos
625 877 696 937 lacit
718 876 844 937 Tonanti

294 985 365 1027 suco
388 969 518 1027 nectaris
541 985 607 1027 esse
631 965 807 1046 dulciorem3

294 1075 348 1117 seu
370 1055 492 1120 Martem
517 1054 636 1115 simulat
658 1054 745 1114 modo
768 1057 800 1114 in
824 1061 942 1114 catenas

223 1157 275 1206 030
294 1147 418 1205 missum
441 1143 627 1223 Lemniacas,
650 1143 738 1203 modo
757 1151 807 1203 aut
830 1142 949 1222 repulso

293 1234 418 1294 sormam
441 1235 569 1312 imponit
591 1235 656 1311 apri
679 1239 825 1311 caputque
850 1233 939 1291 saetis

293 1329 323 1382 et
345 1330 463 1400 tergum
486 1329 604 1401 asperat
625 1321 810 1400 hispidisque
834 1320 919 1381 malis

293 1411 357 1472 leve
380 1412 516 1472 incurvat
539 1410 627 1490 ebur,
650 1409 696 1469 vel
719 1409 768 1470 ille
792 1411 876 1488 fingit

294 1499 403 1560 hirtam
427 1500 515 1560 dorsa
538 1500 631 1560 feram
654 1498 784 1578 repanda
807 1498 865 1558 tela

223 1600 275 1650 330
295 1592 398 1650 attritu
421 1589 540 1650 assiduo
563 1590 815 1668 cacuminantem,

294 1697 348 1739 seu
370 1677 490 1739 Perseia
512 1680 595 1756 virgo
619 1677 765 1737 vindicata

294 1766 355 1828 illic
378 1766 490 1828 luditur
512 1767 604 1846 harpe
628 1765 787 1845 coniugali3

295 1874 347 1917 seu
371 1856 450 1935 quod
474 1858 614 1916 carminis
638 1862 726 1934 atque
749 1852 914 1914 fabularum

295 1943 395 2005 clausa
418 1945 454 2004 ad
477 1943 619 2024 Pergama
642 1944 692 2004 dat
714 1942 839 2004 bilustre
862 1941 982 2003 bellum.

124 2029 127 2036 ’
223 2043 276 2094 300
296 2033 366 2112 quid
390 2033 485 2094 dicam
509 2035 718 2113 citharistrias,
742 2031 909 2112 choraulas,

293 2124 413 2202 mimos,
438 2123 664 2204 schoenobatas,
687 2121 853 2201 gelasianos

295 2229 417 2291 cannas,
440 2210 565 2292 plectra,
588 2213 684 2291 iocos,
706 2210 807 2290 palen,
830 2210 987 2270 rudentem

295 2317 396 2360 coram
418 2305 448 2358 te
472 2299 655 2378 trepidanter
679 2296 850 2378 explicare?

294 2407 362 2450 nam
386 2387 572 2449 circensibus
595 2390 659 2466 ipse
684 2395 792 2466 quanta
815 2387 893 2448 ludis

225 2480 391 2540 300110101
413 2479 542 2556 gesseris
565 2479 717 2536 intonante
740 2475 845 2555 Roma,

295 2566 401 2628 laetam
424 2566 556 2645 perluit
579 2583 699 2625 exarare
723 2564 844 2625 Musam.

338 2654 426 2716 lanus
449 2655 525 2714 forte
550 2672 617 2715 suas
640 2653 754 2713 bilrons
777 2652 923 2714 Kalendas

295 2746 365 2805 anni
386 2752 521 2823 tempora
544 2744 707 2803 circinante
730 2740 849 2802 Phoebo

295 2833 454 2894 sumendas
477 2830 625 2892 referebat
649 2831 684 2891 ad
708 2830 835 2891 curules.

224 2936 360 2985 atomos
384 2928 430 2983 cst
453 2921 589 2982 Caesaris
611 2920 660 2980 hic
684 2919 731 2979 die
754 2919 801 2979 bis
825 2937 884 2979 uno

295 3005 439 3094 (privatos
462 3002 606 3092 vocitant)
629 3026 733 3088 parare
757 3007 851 3068 ludos.

293 3107 365 3160 tunc
389 3106 492 3160 coetus
515 3101 668 3179 iuvenum,
692 3097 743 3157 sed
768 3097 932 3158 aulicorum

294 3188 359 3249 Elei
382 3187 541 3248 simulacra
564 3194 646 3247 torva
669 3187 766 3264 campi

206 3418 258 3468 300
282 3411 430 3466 choraulas
458 3411 649 3481 Ieeetp'obanm
677 3409 824 3464 choraules
853 3408 1003 3478 (cursales)
1034 3409 1110 3464 codd.
1139 3408 1149 3482 ll

137 3484 276 3542 30410010
290 3487 348 3540 cod.
359 3483 523 3552 Helmstad,
535 3480 628 3536 laudis
641 3481 758 3537 GTPF
769 3483 778 3550 11
792 3488 844 3536 300
859 3498 897 3536 on
911 3482 990 3536 suat?
1009 3482 1044 3548 ef.
1059 3499 1084 3536 o.
1095 3483 1149 3536 435

136 3554 145 3629 ll
161 3563 213 3611 313
231 3557 308 3611 torta
325 3556 473 3611 Buecheler
486 3558 496 3624 ΙΙ
