2614 4030
282 211 452 267 SIDONIUS
470 212 702 269 DESIDERATO
721 213 789 269 SUO
809 211 987 270 SALUTEM.
1096 212 1138 277 39

129 361 264 441 gentibus
297 361 417 422 difficile
445 362 597 444 concedis,
630 363 774 424 indicium
802 364 841 423 sit
866 361 943 423 bene
971 362 1138 423 iudicaturi.

129 452 195 530 quis
219 452 300 512 euim
324 470 355 512 se
379 469 438 512 non
462 451 571 512 ambiat
593 451 738 513 arbitrum
761 451 820 530 legi
843 460 894 512 aut
910 453 1007 531 pretio
1027 450 1139 530 aliquid

128 539 298 601 indulturus
322 549 372 601 aut
395 537 529 618 gratiae?
570 539 598 603 2.
622 543 714 620 igitur
736 543 857 621 ignosce
881 541 917 602 ad
940 547 1001 601 tam
1019 548 1137 601 sauctae

128 631 325 690 conscientiae
348 631 582 709 praerogativam
605 633 713 709 raptim
731 632 952 709 perniciterque
975 647 1137 709 properan-

126 717 219 799 tibus,
248 717 486 797 quandoquidem
514 721 691 780 sententiam
717 726 799 780 tuam
826 737 881 780 nec
903 720 999 781 victus
1021 725 1054 780 ut
1077 725 1138 779 sto·
1164 737 1178 780 o

126 805 204 867 lidus
232 814 350 868 accusat
379 825 435 868 nec
463 809 557 868 victor
584 815 617 869 ut
644 815 767 887 argutus
794 807 917 889 inridet,
944 809 1136 886 veritatisque

125 903 265 975 respectu
287 895 459 975 dependunt
481 896 537 958 tibi
559 897 669 958 addicti
692 899 897 978 reverentiam,
920 898 1045 975 gratiam
1063 895 1136 956 libe-

125 987 192 1044 ratI.
223 984 348 1064 proinde
368 986 492 1063 inpense
511 985 645 1068 obsecro,
664 993 697 1046 ut
715 988 794 1046 inter
807 985 955 1046 Alethium
970 992 1000 1046 et
1013 983 1137 1046 Paulum

126 1091 201 1152 quae
224 1075 347 1135 veniunt
369 1075 399 1134 in
424 1073 681 1156 disceptationem,
705 1093 773 1135 mox
796 1082 829 1136 ut
851 1076 1001 1153 utrimque
1025 1074 1137 1135 lucrInt

125 1165 270 1244 opposita,
292 1162 450 1242 discingas.
483 1181 619 1246 namque,
642 1166 674 1224 ni
697 1163 791 1244 fallor,
815 1182 904 1243 supra
925 1162 1135 1224 decemvirales
1151 1185 1178 1224 ro

125 1251 369 1332 pontificalesque
402 1255 563 1314 sententias
595 1253 775 1332 aegritudini
805 1253 894 1314 buius
922 1270 1015 1332 prope
1043 1255 1136 1312 inter-

123 1339 274 1401 minabilis
292 1341 383 1420 iurgii
401 1340 463 1401 sola
481 1359 598 1402 morum
616 1349 736 1402 tuorum
750 1344 945 1422 temperantia
960 1341 1045 1402 solita
1059 1340 1136 1401 iudi-

125 1429 214 1490 candi
237 1428 408 1491 salubritate
432 1429 636 1492 medicabitur.
673 1430 744 1492 vale.

585 1655 676 1722 VllI.

275 1777 443 1834 SIDONIUS
462 1777 693 1834 DESIDIIRATO
713 1777 781 1833 SUO
802 1776 980 1833 SALUTEM.

193 1887 220 1951 1.
237 1890 452 1953 Maestissimus
466 1892 539 1952 baec
551 1892 607 1953 tibi
621 1894 735 1954 nuntio.
758 1891 888 1952 decessit
901 1891 1010 1952 nudius
1024 1893 1131 1952 tertius
1146 1913 1172 1953 15

122 1998 184 2040 nou
211 1978 322 2060 absque
351 1982 464 2041 iustitio
492 1987 626 2043 matrona
648 1980 808 2062 Filimatia,
836 1982 983 2060 morigera
1007 1982 1135 2041 coniunx

122 2069 242 2129 domina
266 2068 409 2152 clemens,
432 2069 515 2130 utilis
538 2078 633 2131 mater
654 2073 704 2150 pia
727 2070 800 2152 tilia,
823 2071 872 2130 cui
895 2069 1032 2130 debuerit
1055 2070 1135 2130 domi

122 2157 255 2236 forisque
272 2176 400 2237 persona
418 2161 516 2220 minor
534 2158 719 2241 obseqrdum,
737 2161 831 2220 maior
845 2159 985 2240 officium,
1004 2158 1134 2238 aequalis

122 2246 269 2307 allectum.
306 2247 380 2308 baec
407 2265 475 2309 cum
499 2255 579 2308 esset
601 2251 688 2309 unica
716 2251 774 2309 iam
797 2247 849 2308 diu
871 2250 975 2310 matris
999 2250 1135 2329 amissae,

122 2334 209 2396 facile
228 2336 354 2397 diversis
372 2335 642 2398 blandimentorum
661 2337 820 2416 generibus
840 2337 987 2417 effecerat,
1005 2356 1042 2398 ne
1057 2340 1135 2417 patri
1149 2357 1175 2398 eo

121 2423 218 2484 adbuc
245 2427 345 2486 iuveni
373 2425 485 2486 subolis
514 2444 603 2487 sexus
630 2425 752 2487 alterius
780 2426 1008 2487 desideraretur.
1054 2445 1134 2488 nunc

121 2519 221 2573 autem
248 2531 303 2593 per
326 2513 423 2574 subita
446 2533 585 2593 suprema
612 2517 709 2576 virum
732 2514 890 2594 caelibatu,
916 2522 1032 2594 patrem
1055 2515 1134 2576 orbi-

120 2609 181 2664 tate
206 2602 344 2663 confodit.
389 2603 436 2664 his
460 2603 591 2684 additur,
619 2604 697 2683 quod
721 2606 852 2684 quinque
875 2603 1003 2664 liberum
1025 2622 1134 2683 parens

120 2692 269 2752 inmaturo
302 2693 384 2753 exitu
415 2691 545 2753 reddidit
575 2693 786 2754 infortunatam
813 2692 1032 2754 fecunditatem.
1083 2695 1134 2773 qui

119 2778 236 2859 parvuli
260 2782 286 2840 si
307 2787 402 2841 matre
426 2783 536 2860 sospite
559 2781 760 2860 perdidissent
782 2784 842 2842 iam
866 2782 916 2842 diu
936 2780 1064 2842 debilem
1081 2800 1133 2860 pa·
1148 2801 1174 2842 es

119 2875 211 2950 trem,
229 2870 329 2929 minus
347 2869 453 2949 pupilli
471 2872 720 2932 existImarentur.
751 2869 780 2933 2.
799 2871 875 2931 banc
894 2878 1006 2951 tamen,
1026 2872 1052 2930 si
1066 2872 1133 2949 quis

119 2957 198 3018 baud
221 2960 372 3019 incassum
394 2959 489 3019 bonor
512 2959 704 3020 cadaveribus
727 2959 922 3041 impenditur,
949 2976 1010 3019 non
1033 2958 1133 3038 vispil-

121 3045 224 3108 lonum
247 3046 570 3126 sandapilariorumque
596 3051 762 3110 ministeria
781 3050 914 3109 ominosa
936 3047 1132 3130 tumulavere;

193 3222 208 3270 1
228 3217 391 3286 dependunt
408 3217 462 3274 tibi
481 3234 531 3274 om.
548 3219 578 3274 F
592 3221 596 3287 1
609 3225 672 3288 post
689 3217 812 3288 gratiam
831 3220 894 3274 odd.
909 3218 1088 3289 perpendunt
1104 3219 1132 3289 0,

119 3304 170 3344 orn.
189 3289 355 3344 LNVMT
365 3292 375 3358 11
390 3296 422 3344 12
442 3306 550 3344 morum
574 3289 634 3344 sola
654 3289 704 3359 011
726 3294 759 3343 15
779 3289 891 3344 decedit
911 3289 935 3345 0
951 3293 961 3359 11
982 3295 1014 3343 17
1034 3289 1133 3346 debuit

123 3359 306 3416 Walamoaoc'to
320 3361 330 3432 1
345 3366 378 3415 19
396 3361 496 3415 matris
515 3360 542 3415 L
561 3368 586 3417 et
604 3363 628 3431 (s
646 3378 715 3417 eras.
730 3361 828 3432 Num
846 3361 932 3415 metri
947 3362 981 3416 M
987 3360 1040 3417 OT
1054 3363 1058 3432 1
1070 3370 1134 3434 post

118 3429 241 3485 amissae
259 3433 312 3487 iao.
331 3430 391 3486 filia
409 3432 586 3502 hcety'ohoun
608 3435 618 3502 1
641 3437 673 3486 21
695 3431 803 3486 subolis
822 3433 856 3502 L,
877 3431 982 3488 sobolis
1002 3437 1082 3502 (eoru.
1101 3437 1133 3490 in

118 3501 232 3557 suboles
251 3503 351 3573 NON,
371 3503 482 3558 suboles
502 3504 543 3573 M,
568 3503 679 3558 soboles
700 3503 753 3559 OT
773 3506 782 3571 11
805 3503 979 3558 tonberum
997 3505 1133 3575 NMOT,

116 3571 272 3628 liberorum
290 3574 318 3629 L
335 3581 361 3632 et
378 3591 399 3630 a.
419 3576 437 3630 l.
456 3577 520 3630 odd.
537 3575 585 3629 M*
598 3579 607 3644 11
621 3580 656 3630 26
675 3574 737 3644 quis
756 3575 896 3646 NMCT,
914 3576 963 3645 qui
981 3576 1030 3647 LI
