2660 4030
192 151 254 217 176
544 149 653 205 LIBER
672 147 844 205 OCTAVUS.

189 301 314 382 cumbis,
338 299 457 361 difficile
481 299 669 379 discernitur,
693 299 805 359 domini
827 297 933 378 plusne
957 301 996 359 sit
1017 298 1128 360 cultum
1148 317 1200 360 rus

190 409 227 452 an
250 392 410 470 ingenium.
456 385 485 450 2.
508 389 600 466 igitur
626 388 744 469 hictu,
772 394 915 467 quantum
942 388 1096 469 recordor,
1124 391 1200 449 citos

190 479 316 560 iambos,
348 476 447 556 elegos
479 484 581 537 acutos
614 495 647 537 ac
679 477 854 537 rotundatos
882 476 1143 556 hendecasyllabos
1171 484 1201 538 et

191 574 290 629 cetera
308 569 439 627 carmina
457 567 587 626 musicos
605 565 695 626 liores
713 565 905 645 thymumque
926 565 1098 647 redolentia,
1120 584 1201 627 nunc

162 655 433 718 sNarbonensibus
452 654 627 735 cantitanda,
645 672 725 715 nuuc
743 653 974 735 biterrensibus,
992 654 1201 735 ambigendum

190 744 317 807 celerius
341 763 378 805 au
400 741 553 823 pulchrius
577 742 766 825 elucubrasti,
789 742 866 822 apud
889 761 1053 822 aequaevos
1075 746 1201 822 gratiam

189 842 279 915 tuam,
302 834 408 894 lamam
431 832 508 911 apud
529 839 665 912 posteros
684 832 885 912 ampliaturus.
923 840 1003 893 certe
1022 833 1104 914 mihi,
1128 851 1200 912 quo-

189 925 267 984 tiens
299 925 344 983 tui
375 939 478 982 versus
512 940 528 982 a
554 921 755 982 meditationis
782 922 890 982 incude
921 928 1073 1000 tamquam
1105 922 1200 983 adbuc

190 1011 278 1074 calidi
292 1010 509 1090 deferebantur,
528 1012 571 1071 sio
589 1010 752 1092 videbatur,
771 1012 831 1090 qui,
849 1011 907 1071 etsi
925 1029 986 1071 non
1002 1010 1077 1071 bene
1093 1010 1202 1092 scribo,

150 1100 266 1162 rohone
289 1099 396 1160 iudico.
442 1096 472 1160 3.
496 1099 562 1178 sed,
590 1098 669 1179 quod
696 1099 848 1160 fatendum
875 1106 933 1180 est,
962 1099 1070 1161 talibus
1094 1100 1202 1160 studiis

191 1191 322 1251 anterior
344 1195 424 1248 aetas
446 1189 524 1248 iuste
547 1188 668 1248 vacabat
691 1206 753 1268 seu,
776 1187 855 1268 quod
879 1195 925 1249 est
944 1190 1053 1269 verius,
1076 1206 1201 1268 occupa-

190 1279 291 1360 batur,
313 1277 401 1338 modo
424 1283 542 1356 tempus
561 1283 607 1337 est
626 1279 704 1338 seria
722 1277 789 1359 legi,
813 1279 891 1337 seria
910 1277 1000 1338 scribi
1019 1278 1114 1358 deque
1133 1296 1202 1358 per·

191 1373 279 1446 petua
303 1369 361 1427 vita
384 1367 483 1445 potius
508 1384 595 1444 quam
618 1369 760 1427 memoria
788 1367 911 1444 eogitari
933 1369 1117 1446 nimiumque
1140 1385 1203 1426 me-

191 1458 314 1517 minisse
347 1461 448 1516 nostra
484 1461 551 1533 post
587 1462 714 1516 mortem
750 1474 810 1516 uon
846 1455 987 1534 opuscula
1023 1455 1075 1516 sed
1113 1473 1204 1536 opera

152 1545 351 1625 repensanda.
396 1541 425 1604 4.
450 1562 525 1623 quae
554 1544 673 1622 quidem
701 1544 737 1604 ad
764 1562 906 1624 praeseus
933 1562 993 1604 non
1020 1547 1062 1605 ita
1088 1544 1204 1625 loquor,

193 1635 278 1713 quasi
309 1640 342 1693 tu
371 1650 431 1694 non
460 1639 586 1710 utraque
616 1631 759 1693 laudanda
792 1634 931 1694 coniicias
958 1640 1021 1714 aut,
1054 1635 1080 1693 si
1107 1633 1204 1694 adhuc

193 1723 280 1784 durat
301 1725 333 1782 in
357 1739 493 1782 sermone
517 1721 636 1802 laetitia,
659 1740 720 1781 non
743 1723 926 1784 custodiatur
949 1724 980 1782 iu
999 1724 1113 1782 actione
1134 1740 1203 1783 ceu-

193 1830 275 1895 sura,
308 1811 360 1872 sed
388 1817 433 1891 ut,
466 1811 517 1888 qui
540 1809 658 1870 Christo
687 1809 800 1871 latente
824 1811 899 1872 clam
924 1819 1042 1873 sanctus
1066 1829 1112 1891 es,
1144 1813 1204 1871 iam

193 1900 288 1980 palam
316 1899 454 1978 religiosa
481 1899 666 1960 venerandus
698 1902 767 1978 iugo
796 1899 907 1961 salubri
934 1898 1007 1960 colla
1034 1902 1147 1979 pariter
1174 1907 1205 1960 et
1302 1923 1305 1948 ι

153 2009 180 2048 so
194 1989 283 2050 corda
311 1988 438 2050 subdare
466 1987 658 2066 invigiletque
690 1988 867 2050 caelestibus
897 1988 996 2069 lingua
1028 1991 1204 2070 praeconiis,

194 2081 291 2139 anima
315 2077 480 2157 sententiis,
503 2076 606 2136 dextra
629 2076 773 2138 donariis:
795 2081 955 2158 praecipue
977 2084 1078 2138 tamen
1102 2078 1205 2139 dextra

194 2167 337 2246 donariis,
366 2167 435 2245 quia
459 2165 599 2244 quicquid
622 2165 756 2226 ecclesiis
780 2169 908 2247 spargis,
934 2167 990 2227 tibi
1013 2167 1140 2248 colligis;
1168 2168 1205 2228 ad

194 2257 279 2315 cuius
311 2255 452 2314 exercitia
484 2255 601 2315 virtutis
629 2253 702 2314 illud
732 2255 778 2316 vel
807 2254 1012 2335 principaliter
1038 2264 1067 2316 te
1095 2258 1206 2336 poterit

195 2343 369 2423 accendere,
402 2342 480 2421 quod
507 2344 585 2404 inter
615 2361 686 2423 opes
715 2343 863 2423 quashbet
888 2346 992 2426 positi,
1025 2363 1099 2423 quae
1127 2344 1206 2405 bona

153 2450 180 2491 25
195 2432 292 2493 stultis
316 2430 389 2492 falso
412 2437 567 2512 vocantur,
600 2434 626 2493 si
650 2433 721 2512 quid
748 2435 876 2514 agimus,
907 2439 1051 2514 nostrum,
1084 2436 1110 2494 si
1134 2434 1207 2513 quid

194 2520 346 2602 habemus,
369 2519 497 2581 alienum
520 2528 574 2582 est.
611 2521 682 2582 vale.

682 2763 721 2830 V.

362 2886 529 2942 SIDONIUS
548 2885 757 2941 FORTUNALI
776 2885 842 2941 SUO
863 2886 1040 2942 SALUTEM.

264 2998 292 3060 1.
320 2998 379 3060 lbis
408 3007 437 3061 et
459 3008 492 3061 tu
520 3002 551 3060 iu
577 3001 699 3079 paginas
727 3007 857 3082 nostras,
887 3003 1033 3062 amicitiae
1061 2999 1208 3082 columen,

195 3087 377 3168 Fortunalis,
408 3089 614 3150 Hibericarum
642 3089 733 3150 decus
761 3089 886 3151 inlustre
910 3093 1077 3170 regionum3
1110 3107 1208 3169 neque

156 3197 182 3237 ao
197 3180 276 3239 enim
298 3177 354 3238 tibi
377 3178 560 3239 familiaritas
582 3185 644 3238 tam
666 3197 756 3258 parva
779 3198 847 3240 cum
874 3179 994 3260 litteris,
1021 3186 1054 3239 ut
1077 3196 1131 3257 per
1154 3178 1208 3239 has

268 3371 284 3419 2
303 3364 350 3420 hie
369 3367 457 3438 igitur
477 3367 500 3422 0
510 3369 549 3437 113
568 3368 664 3421 cetera
682 3370 711 3422 et
727 3368 754 3421 L
767 3372 776 3438 l
790 3373 824 3421 23
843 3367 1037 3438 principaliter
1055 3368 1084 3422 te
1103 3367 1136 3422 N
1139 3367 1176 3421 M
1179 3368 1208 3433 Ο,
1286 3387 1287 3407 t

197 3435 394 3505 principaliter
418 3440 478 3505 (om.
497 3439 537 3507 te)
562 3439 598 3508 T,
625 3437 782 3508 principale
805 3441 834 3492 te
853 3439 928 3508 LV,·
955 3440 990 3506 ef.
1009 3456 1050 3509 ep.
1070 3439 1129 3508 HI,
1150 3443 1175 3506 3,
1191 3442 1209 3492 3

198 3505 270 3560 illud
288 3507 318 3560 in
336 3509 365 3562 te
385 3507 516 3564 affectum
535 3508 731 3578 principaliter
749 3509 942 3564 universitatis
962 3509 1092 3564 accendit
1105 3515 1115 3580 ΙΙ
