2628 4034
510 229 663 286 CARMEN
681 230 766 285 XXII.
1079 228 1143 294 331

219 387 373 441 aeternum
395 381 472 439 nitet
494 381 558 458 ipse
571 398 685 459 ‚genas3
710 397 829 440 crevere
854 378 1002 458 corymbis

218 476 353 547 tempora
376 475 406 528 et
429 474 565 528 auratum
587 469 681 529 verrit
703 486 787 528 corna
810 467 948 528 concolor
972 486 1069 550 axem3

161 603 163 606 -
219 557 407 638 laevaparte
431 564 513 618 tenet
535 563 617 618 vasta
640 556 797 619 dulcedine
820 573 939 616 raucam

168 660 200 710 to
215 645 326 707 caelato
349 645 480 725 Pythone
504 645 610 727 lyram,
633 664 703 725 pars
726 645 829 706 dextra
854 648 974 724 sagittas

219 737 351 796 continet
374 742 461 814 atque
485 735 541 795 alio
565 741 739 796 resonantes
762 751 914 796 murmure
937 752 1053 795 nervos.

220 823 302 885 ibant
325 823 473 903 Pipliades
496 826 608 903 pariter
631 824 821 903 mediumque
845 841 960 884 noveno

220 915 473 974 circumsistentes
496 911 674 973 umbrabant
697 919 824 992 syrmate
848 929 977 973 currum.

218 1002 328 1081 pendet
350 1020 405 1081 per
427 1009 538 1062 teretes
560 1002 693 1080 tripodas
717 1001 896 1080 Epidaurius
920 1003 1025 1079 anguis

165 1103 200 1153 80
219 1091 344 1152 dillnsus
368 1098 503 1151 sanctum
525 1109 580 1169 per
603 1090 676 1151 colla
701 1089 829 1151 salubria
851 1085 942 1151 'virus

218 1180 267 1240 hic
291 1185 321 1240 et
344 1181 499 1240 crinisatas
522 1179 662 1257 iungebat
684 1179 813 1258 Pegasus
837 1179 911 1259 alas,

218 1275 341 1348 portans
364 1267 533 1346 doctiloquo
556 1268 716 1328 facundum
739 1287 826 1328 crure
851 1268 1017 1329 Creontem.

262 1357 300 1417 Ut
324 1375 389 1417 sese
413 1358 538 1417 iunxere
560 1357 657 1438 chori,
681 1359 833 1436 consurgit
855 1364 981 1436 uterque

218 1446 318 1506 fratris
342 1448 374 1505 in
397 1445 564 1526 amplexus,
588 1446 639 1506 sed
663 1445 749 1524 paulo
774 1448 894 1524 segnior
917 1445 1013 1526 Euan,

165 1547 199 1596 85
219 1534 290 1595 dum
313 1535 404 1614 pudet
427 1533 597 1614 instabiles,
621 1536 647 1594 si
671 1541 784 1615 surgat,
807 1535 933 1613 prodere
958 1535 1082 1614 plantas.

217 1631 280 1684 turn
299 1623 449 1685 Phoebus:
473 1619 544 1702 ‘quo
563 1619 700 1702 pergisP'
720 1626 774 1704 ait,
793 1620 877 1683 ‘num
897 1624 971 1684 forte
991 1631 1142 1705 nocentes,

218 1712 344 1794 Bacche,
368 1715 446 1792 petis
469 1708 612 1772 Thebas?
639 1719 668 1772 te
692 1719 791 1772 cretus
814 1711 944 1772 Echione
968 1731 1074 1792 nempe

218 1800 343 1880 abnegat
362 1820 427 1862 esse
447 1801 544 1862 deum.
581 1800 682 1880 linque
701 1801 783 1881 haec,
797 1818 877 1882 rogo,
887 1803 1013 1880 moenia,
1031 1801 1142 1883 linque,

218 1897 248 1950 et
270 1908 387 1950 mecum
410 1909 493 1969 mage
513 1890 599 1951 flecte
622 1897 710 1950 rotas.
757 1890 892 1968 despexit
914 1890 1012 1968 Agaue

165 1992 201 2042 9ο
219 1985 249 2038 te
273 1977 369 2038 colere
394 1986 424 2038 et
446 1987 564 2040 nosmet
586 1979 696 2060 Niohe3
718 1981 795 2057 riget
817 1979 886 2039 inde
911 1977 1053 2059 superba,

217 2066 339 2128 vulnera
362 2074 406 2127 tot
429 2071 558 2149 patiens,
581 2075 653 2146 quot
677 2074 791 2148 spectat
814 2067 935 2128 vulnera
957 2069 1088 2147 ventris,

218 2162 426 2236 optantemque
450 2159 527 2216 mori
549 2161 667 2234 gravius
690 2158 846 2218 clementia
869 2157 945 2237 firit3

218 2263 340 2325 parcere
364 2263 452 2324 saepe
475 2244 584 2305 malum
608 2252 654 2306 est
678 2265 857 2324 sensumque
880 2246 991 2307 inferre
1015 2244 1120 2306 dolori.

217 2336 281 2413 ipsa
305 2340 403 2394 autem
427 2342 495 2393 nato
520 2337 617 2394 occiso
641 2334 781 2395 Pentheia
805 2342 914 2415 mater,

163 2421 344 2502 etamplius
367 2429 400 2482 ut
424 2422 526 2502 furiat,
549 2423 691 2500 numquid
717 2441 776 2483 non
800 2442 870 2484 sana
893 2424 994 2484 futura
1016 2420 1084 2484 est?

217 2529 326 2590 ergone
350 2511 459 2571 Aonios
483 2510 574 2571 colles
597 2509 730 2572 habitare
754 2511 902 2592 valemus,

218 2619 285 2661 curn
308 2603 402 2680 patris
421 2602 545 2660 extincti
567 2599 702 2660 thalamis
726 2603 856 2680 potietur
877 2599 1008 2680 adulter,

217 2689 309 2750 frater
331 2695 484 2770 natorum,
508 2690 636 2750 coniunx
659 2691 819 2767 genetricis
842 2687 1008 2769 habendus,

217 2780 340 2838 vitricus
363 2781 428 2857 ipse
453 2774 546 2838 suus?
583 2779 665 2838 cordi
689 2785 734 2838 est
758 2781 784 2838 si
807 2780 935 2856 iungere
954 2793 1105 2858 gressum,

7 2885 9 2948 p
150 2867 330 2947 modicam,
353 2885 409 2946 qua
432 2869 546 2947 pariter
570 2867 671 2927 sedem
697 2866 801 2928 tellure
825 2867 966 2926 locemus.

7 2951 8 2974 ³
261 2954 315 3016 Est
337 2955 420 3016 locus
426 3003 435 3036 ,
459 2958 651 3035 irriguoque
674 2973 762 3036 rupe,
782 2955 920 3015 Garunna
942 2959 1051 3034 rotate,

219 3051 248 3105 et
272 3051 319 3126 tu,
343 3047 395 3123 qui
418 3044 509 3104 simili
531 3045 661 3105 festinus
683 3046 714 3104 in
738 3062 866 3124 aequora
889 3043 974 3123 lapsu

200 3239 233 3287 '14
252 3234 332 3286 casta
350 3233 406 3288 Leo
434 3236 443 3303 ΙΙ
471 3240 504 3288 77
523 3232 667 3302 Pipliades
687 3233 880 3302 Lacetjohcnu;
897 3230 1043 3302 pepliades
1063 3231 1140 3286 codd.

129 3303 139 3376 ll
156 3307 188 3357 81
207 3302 273 3358 hinc
289 3305 334 3375 ΤΙΙ
349 3312 381 3359 89
403 3303 549 3358 &otonem
571 3305 754 3360 thamowt‘ta
771 3305 817 3371 (cf.
832 3305 934 3359 Robert
948 3303 1028 3357 Erat.
1045 3307 1140 3357 catast.

133 3377 199 3443 150;
225 3376 305 3430 schol.
323 3376 412 3431 Germ.
427 3381 476 3444 90,
493 3381 542 3440 11‚·
562 3380 662 3443 159,s
680 3376 744 3442 Bc.)
772 3376 782 3444 ll
809 3379 843 3429 88
862 3374 932 3428 haec
951 3373 1143 3443 nepotum

130 3443 173 3499 his
186 3447 264 3501 codd.
278 3448 288 3514 ΙΙ
302 3453 335 3501 90
350 3446 672 3515 superthacctjohaun;
692 3450 843 3514 superbum
857 3447 933 3500 codd.
948 3447 958 3513 ll
972 3449 1004 3498 91
1025 3443 1142 3498 vulnera

131 3518 184 3588 tob]
204 3534 242 3572 ao
259 3517 359 3572 funera
376 3519 438 3572 tot?
453 3520 457 3585 Ι
474 3520 564 3572 iactat
582 3518 763 3572 thotnowtta
779 3519 783 3587 l
799 3514 919 3586 pignora.
937 3515 1042 3570 ventris
1060 3517 1142 3588 uulgo

132 3588 140 3660 ll
158 3593 190 3642 93
209 3587 314 3643 doloris
332 3590 481 3645 Buecheler
494 3593 504 3659 l
518 3595 552 3644 94
571 3589 657 3658 gnato
676 3590 719 3642 1³⁸
732 3591 742 3658 ΙΙ
819 3587 822 3592 “
