2610 4056
326 197 494 253 SIDONIUS
515 197 667 254 GELASIO
688 197 756 254 SUO
777 197 954 254 SALUTEM.
1080 197 1145 272 231Ι

129 367 200 408 rum
223 349 360 426 quisquis
383 349 423 408 ita
446 347 541 408 malus
565 354 619 428 est,
637 354 671 408 ut
693 346 845 425 intellegat
866 346 942 407 bene
963 349 1072 426 scripta
1091 367 1147 408 nee

127 444 229 498 tamen
257 435 370 516 laudet,
397 435 476 496 hunc
506 435 577 496 boni
604 435 780 514 intellegunt
807 453 863 496 nec
889 442 989 496 tamen
1017 436 1146 497 laudant.

126 523 159 586 9.
182 525 308 606 proinde
332 543 419 586 curas
442 532 509 586 tuas
531 524 588 586 hoc
606 532 688 586 metu
711 523 844 586 absolvo:
868 525 999 586 faventes
1024 526 1146 586 audient

128 617 238 696 cuncti,
262 616 362 676 cuncti
385 614 527 695 foventeS,
550 613 725 693 gaudiisque
750 631 824 692 quae
848 613 938 674 facies
962 617 1144 675 recreaturis

127 703 188 764 una
220 705 362 763 fruemur.
407 721 475 764 nam
507 702 642 782 plerique
672 701 834 764 laudabunt
863 702 1030 764 facundiam
1052 710 1144 783 tuam,
1171 720 1185 760 s

127 791 251 870 plurimi
275 793 440 872 ingenium,
468 793 524 851 toti
555 792 708 870 pudorem.
750 809 810 852 non
839 793 918 852 enim
941 794 1041 852 minus
1064 792 1146 853 laudi

128 881 243 942 feretur
271 879 491 941 adulescentem
519 880 578 961 vel,
607 880 685 958 quod
715 887 760 941 est
788 880 955 960 pulchrius,
977 898 1071 959 paene
1095 881 1146 941 ad-

127 969 187 1030 huc
218 977 345 1050 puerum
373 969 408 1029 de
436 968 582 1048 palaestra
614 967 727 1048 publici
758 971 904 1029 examinis
936 976 998 1029 tam
1028 987 1148 1030 morum

127 1059 242 1120 referre
267 1059 406 1138 suffragia
430 1077 519 1137 quam
544 1058 717 1119 litterarum.
760 1057 832 1118 vale.

600 1301 672 1370 XV.

321 1423 489 1480 emortus
508 1422 659 1480 eutasio
680 1423 748 1479 suo
769 1422 946 1479 suturam.
1159 1439 1187 1477 10

198 1533 226 1598 1.
260 1537 371 1598 Probas
400 1531 512 1620 (neque
541 1531 700 1621 deprecor)
734 1556 781 1598 me
810 1537 990 1618 deliquisse;
1021 1536 1144 1620 deliqui,

128 1627 239 1704 quippe
268 1628 320 1704 qui
346 1627 474 1687 necdum
501 1629 621 1687 nomine
649 1633 700 1687 tuo
723 1626 798 1687 ullas
829 1629 913 1705 operi
940 1645 1006 1687 meo
1029 1626 1146 1687 litteras

129 1716 286 1775 iunxerim.
333 1715 385 1776 sed
413 1723 513 1776 tamen
537 1715 646 1777 scribis
668 1723 731 1776 tum
755 1715 835 1794 quod
858 1718 1021 1776 erraverim
1043 1718 1145 1776 venia-

128 1802 188 1862 bile
212 1804 289 1884 fore,
320 1805 345 1864 si
373 1805 450 1883 quod
484 1811 514 1864 et
541 1807 604 1883 ipse
634 1805 773 1865 decantes
800 1806 915 1864 mittam
938 1803 974 1864 ab
999 1804 1144 1885 exemplo,

128 1893 200 1970 quia
223 1891 338 1952 scilicet
360 1892 505 1954 Tonantio
528 1911 594 1954 meo
618 1894 653 1954 ad
673 1912 775 1973 parem
795 1912 913 1954 causam
936 1893 1050 1954 futuras
1074 1896 1143 1954 usui
1157 1910 1184 1950 15

129 1979 244 2041 litteras
267 1980 409 2042 bimetras
432 1985 575 2042 miserim.
620 1989 740 2062 praeter
766 1983 823 2043 boc
847 1984 982 2061 quereris
1005 1984 1144 2060 paginam

128 2087 241 2150 meam,
272 2073 298 2129 si
327 2069 491 2132 resolvatur
514 2073 545 2132 in
568 2070 680 2154 lusum,
708 2071 779 2132 solis
808 2069 1061 2150 hendecasyllabis
1084 2072 1145 2132 fre-

130 2160 274 2236 quentari.
322 2177 379 2238 qua
403 2159 439 2220 de
462 2178 496 2220 re
518 2161 668 2221 trochaica
692 2161 864 2240 garrulitate
888 2178 1033 2239 suspensa
1057 2178 1144 2220 sena-

129 2246 220 2308 riolos
248 2248 362 2327 aliquos
394 2248 461 2327 plus
493 2251 631 2328 requiris
673 2252 771 2310 servio
800 2250 956 2330 iniunctis3
988 2256 1020 2310 tu
1052 2249 1143 2310 modo

128 2335 261 2414 placidus
286 2338 424 2418 excipias,
448 2339 509 2398 sive
534 2339 610 2398 oden
628 2339 704 2400 hanc
728 2341 822 2418 ipsam
841 2333 1059 2400 mavis'vocare
1079 2341 1185 2400 sivero

128 2425 270 2504 eglogam.
307 2445 375 2486 nam
394 2433 523 2486 metrum
546 2426 597 2487 diu
620 2428 872 2506 infrequentatum
895 2427 999 2488 durius
1022 2430 1143 2490 texitur.

306 2567 407 2649 lubes,
431 2569 538 2648 amice,
561 2575 662 2628 nostra
684 2585 738 2646 per
761 2568 910 2629 volumina

262 2657 359 2717 modis
384 2656 509 2717 resultet
532 2655 750 2716 incitatioribus

262 2745 346 2805 ferox
371 2745 501 2826 iambus,
524 2753 557 2805 ut
580 2744 736 2805 trochaeus
759 2745 917 2825 hactenus,

262 2835 421 2912 pigrasque
444 2833 528 2912 bigas
552 2839 582 2893 et
605 2839 748 2912 quaterna
770 2840 905 2912 tempora

222 2934 237 2984 5
263 2922 411 3000 spondeus
435 2921 535 3002 addat,
557 2928 591 2982 ut
613 2940 726 2981 moram
750 2920 918 3000 volucripes

262 3009 368 3070 habeat
391 3029 551 3089 parumper
574 3013 694 3071 insitam
717 3013 877 3092 trimetria,

199 3204 215 3252 3
235 3198 352 3253 audient
370 3201 410 3254 ed.
430 3198 579 3268 Sirmoodi,
598 3198 716 3254 audiunt
733 3201 810 3255 codd.
828 3201 838 3268 11
856 3203 873 3251 4
891 3197 1057 3254 remeaturis
1077 3199 1142 3256 ce

128 3269 150 3339 (i
168 3286 236 3326 corr.
256 3273 288 3326 iu
305 3287 324 3324 u
338 3271 396 3340 M1)
403 3271 448 3338 M,
466 3273 641 3325 recreaturus
655 3271 724 3340 PF,
742 3270 912 3324 recitaturus
925 3271 1016 3340 culpo,
1033 3285 1142 3324 recrea-

128 3342 172 3394 tus
188 3343 371 3398 Wilamowite
384 3345 393 3412 11
407 3349 423 3396 6
437 3359 476 3397 cn
490 3341 574 3396 laude
588 3343 629 3397 uel
638 3341 788 3396 laudibus?
806 3341 984 3411 Luctp'obarue
997 3343 1006 3412 11
1021 3345 1055 3394 20
1069 3341 1143 3395 ecci·

128 3411 189 3481 pias
210 3413 251 3483 01
268 3415 341 3468 oden
359 3413 549 3483 Iacetjobauu,
572 3412 653 3467 odem
674 3413 773 3469 OFM
787 3417 859 3479 etta
877 3429 897 3469 e.
918 3413 934 3468 l.
954 3414 1018 3468 add.
1033 3413 1117 3480 P¹)P
1131 3413 1143 3479 11

127 3503 154 3539 v.
157 3489 195 3613 ἑά
202 3486 236 3626 qt
253 3487 293 3541 ed.
312 3485 525 3555 Elmeuborstic',
547 3487 577 3540 et
595 3486 671 3540 codd.
694 3487 704 3555 11
726 3503 752 3540 v.
768 3491 784 3538 6
802 3484 919 3538 insitam
936 3485 1032 3556 culpo,
1053 3483 1143 3538 insita.

126 3572 156 3612 eo
196 3598 202 3610 .
