2610 4056
344 203 512 264 SIDONIUS
531 203 626 260 LUPO
641 204 715 301 §UO
734 203 912 279 SALUTEM.
1072 205 1135 272 189
1169 157 1185 274 ,γ

117 349 294 416 contentio?
317 371 397 414 unns
421 360 449 414 te
468 355 647 432 patrimonio
666 353 810 436 populns,
833 354 908 416 alter
927 359 1016 416 etiam
1035 359 1135 417 matri·

120 447 220 506 monio
243 449 338 523 tenet3
369 461 496 521 cumque
527 442 576 504 hic
599 445 727 523 origine,
759 445 816 504 istc
846 447 999 526 coningio,
1029 445 1136 506 melius

120 533 208 613 illud,
232 531 311 611 qnod
333 539 461 610 uterque
484 532 605 592 indicio.
652 539 682 592 te
712 539 813 594 tamen
837 551 962 595 munere
986 534 1035 594 dei
1058 536 1137 594 inter

119 626 177 684 ista
209 620 340 700 felicem,
373 620 410 682 de
448 637 506 698 quo
540 621 651 681 diutius
688 622 858 700 occupando
895 622 1136 702 possidendoque

119 729 229 790 operae
259 711 389 788 pretium
422 717 468 770 cst
499 711 595 770 votiva
626 708 804 789 populorum
832 712 929 772 studia
957 709 1134 790 confligeret
1163 727 1176 767 e

120 799 150 862 2.
175 808 208 860 tn
226 817 296 859 vero
315 800 451 876 utrisque
470 800 669 877 praesentiam
688 805 769 860 tuam
789 799 931 879 disposite
945 802 1137 880 vicissimque

120 891 249 970 partitus
272 906 351 947 nunc
374 886 555 967 Drepanium
578 886 651 968 illis,
670 888 757 948 modo
781 891 848 950 istis
870 892 1005 951 restituis
1028 889 1136 950 Anthe-
1227 897 1229 907 '

121 979 218 1058 dium,
243 983 272 1037 et
291 978 317 1036 si
336 995 352 1037 a
371 983 400 1036 te
419 978 577 1037 instructio
596 977 744 1038 rhetorica
762 985 910 1059 poscatur,
923 979 955 1038 hi
973 978 1137 1059 Paulinum,

124 1067 168 1128 illi
191 1061 339 1126 Alcimum
360 1083 421 1125 non
443 1066 609 1143 requirunt
650 1065 730 1126 unde
752 1074 782 1128 te
805 1069 898 1146 magis
921 1070 1024 1150 miror,
1048 1085 1137 1147 quem

119 1155 231 1216 cotidie
249 1162 310 1214 tam
329 1153 502 1233 multiplicis
521 1153 724 1233 bybliothecae
742 1155 881 1216 ventilata
899 1156 989 1218 lassat
1012 1159 1136 1237 egeries,
1151 1174 1177 1213 1o

122 1243 236 1324 aliquid
251 1262 267 1303 a
281 1261 328 1303 me
347 1250 481 1303 veterum
495 1242 628 1322 flagitare
643 1243 864 1306 cantilenarum.
897 1263 987 1325 pareo
1008 1240 1137 1326 quidem,

123 1333 194 1394 licet
230 1334 437 1411 intempestiva
476 1331 610 1392 videatur
640 1333 805 1393 recordatio
838 1336 971 1395 iocorum
1003 1343 1136 1414 tempore

121 1421 251 1483 dolendi.
294 1418 323 1482 3.
346 1419 535 1500 Lampridius
554 1429 654 1482 orator
671 1422 760 1482 modo
778 1424 908 1500 primum
926 1423 1001 1484 mihi
1020 1427 1137 1484 occisus

120 1512 306 1590 agnoscitur,
337 1512 422 1571 cuius
450 1512 589 1570 interitus
617 1528 749 1570 amorem
775 1529 875 1571 meum
899 1515 1023 1573 summis
1047 1513 1137 1574 confi·

121 1606 205 1661 ceret
227 1597 396 1680 angoribus,
424 1601 542 1660 etiarnsi
565 1617 625 1660 non
649 1618 718 1660 eum
741 1599 831 1660 rebus
854 1600 991 1662 humanis
1014 1603 1059 1662 vis
1082 1604 1137 1661 im-
1152 1617 1177 1658 15

123 1695 209 1768 pacta
231 1689 387 1767 rapuisset.
435 1689 484 1748 hic
507 1706 555 1748 me
579 1689 740 1769 quondam,
772 1695 807 1749 ut
828 1691 907 1750 inter
930 1692 1040 1750 amicos
1063 1692 1137 1770 ioca,

121 1776 274 1837 Phoebum
310 1776 433 1838 vocabat
467 1779 532 1856 ipse
570 1796 586 1837 a
622 1776 709 1838 nohis
745 1780 820 1839 vatis
857 1777 976 1857 Odrysii
1016 1781 1137 1838 nomine

122 1872 254 1945 accepto.
301 1865 379 1944 quod
415 1883 449 1926 eo
485 1869 622 1945 congmit
659 1873 725 1928 ante
755 1869 886 1949 narrari,
923 1885 960 1928 ne
996 1867 1137 1928 vocabula

122 1956 247 2034 figurata
271 1953 423 2016 subditum
452 1973 572 2016 carmen
595 1955 763 2016 obscurent.
811 1956 880 2018 huic
908 1957 1036 2035 quodam
1062 1964 1137 2017 tem-

123 2062 196 2124 pore
229 2043 416 2122 Burdigalam
439 2045 571 2105 invisens
593 2047 779 2106 metatoriam
802 2047 940 2124 paginam
963 2048 1049 2125 quasi
1069 2064 1137 2106 cum
1151 2064 1177 2102 ao

122 2133 206 2193 Musa
228 2135 346 2211 praevia
369 2135 446 2193 misi.
495 2140 566 2212 puto
590 2133 666 2194 hanc
694 2133 818 2194 liberius
851 2135 965 2217 offerri,
996 2153 1083 2213 quam
1111 2137 1137 2195 si

121 2221 234 2301 aliquid
263 2239 353 2300 super
381 2222 552 2283 decedentis
585 2241 692 2284 occasu
718 2223 844 2303 lugubre
868 2242 1062 2306 componenS,
1086 2226 1138 2303 qui

122 2329 184 2372 non
206 2309 359 2390 placebam
381 2329 435 2391 per
458 2310 671 2393 eloquentiam,
694 2330 748 2392 per
766 2315 921 2374 materiam
940 2313 1137 2392 displicerem.

281 2450 413 2514 Dilectae
437 2455 527 2514 nimis
551 2461 581 2514 et
603 2453 747 2532 peculiari

281 2540 418 2602 Phoebus
442 2545 703 2602 commonitorium
725 2543 853 2604 Thaliae.

282 2628 405 2691 Paulum
428 2631 586 2712 depositis,
609 2631 739 2712 alumna,
762 2630 884 2712 plectris

283 2737 415 2797 sparsam
439 2722 551 2800 stringe
575 2739 689 2781 comam
711 2723 825 2780 virente
849 2723 933 2801 vitta,

244 2820 260 2868 5
284 2815 314 2868 et
336 2827 424 2888 rugas
447 2805 504 2870 tibi
527 2811 664 2890 syrmatis
687 2809 833 2890 profundi-

285 2899 459 2976 succingant
481 2899 608 2960 hederae
633 2899 843 2979 expeditiores.

286 3004 388 3047 soccos
412 2987 490 3048 ferre
515 3006 583 3048 cave
606 3007 675 3068 nec,
698 2994 732 3048 nt
755 2987 880 3068 solebat,

283 3074 348 3135 laxo
372 3095 426 3155 pes
450 3083 531 3136 natet
555 3076 631 3137 altus
654 3078 686 3137 in
705 3085 844 3157 coturno,

282 3163 333 3224 sed
356 3164 431 3224 tales
455 3165 590 3245 crepidas
614 3165 706 3244 ligare
730 3184 816 3246 cura,

225 3266 257 3315 10
282 3252 383 3332 quales
406 3253 568 3333 Harpalyce
592 3255 638 3315 vel
661 3253 711 3314 illa
733 3257 842 3334 vinxit,

282 3360 356 3421 quae
379 3345 472 3402 victos
497 3342 591 3422 gladio
615 3361 722 3422 procos
746 3344 862 3404 cecidit.

195 3501 209 3550 7
229 3494 397 3564 drypanium
417 3495 554 3566 LMTF,
575 3495 732 3566 dripenium
753 3498 826 3568 OPy
843 3502 874 3552 18
894 3498 1027 3566 aceeptus
1048 3496 1138 3552 tha-

123 3569 230 3623 monite
244 3568 253 3636 l
267 3585 292 3621 v.
310 3574 341 3623 11
362 3567 455 3623 stadio
474 3568 531 3624 Leo
544 3571 553 3637 l
913 3585 916 3590 ·
