2628 4034
9 685 16 742 l

501 217 652 272 GARMEN
671 217 743 274 XVI.
1065 216 1130 282 323

211 365 321 443 quique
346 365 453 445 duplex
477 366 625 445 quondam
648 367 756 426 venisti
778 368 809 426 in
833 372 936 444 pectus
959 365 1086 448 Helisei,

210 453 371 515 Thesbiten
395 473 463 516 oum
486 455 562 515 forte
586 473 688 516 senem
711 457 771 515 iam
793 454 947 515 flammeus
971 457 1033 516 axis

208 542 325 604 tolleret
349 551 378 604 et
401 547 524 604 scissam
548 544 686 623 linquens
709 561 763 623 pro
787 559 911 603 munere
934 542 1042 622 pellem

207 631 343 710 hispidus
367 632 505 693 ardentes
529 636 630 712 auriga
653 635 778 694 intraret
800 631 943 712 habenas,

153 723 317 799 aequique
341 724 431 782 etiam
453 721 568 782 Heliam
591 724 680 783 terris
703 724 830 782 missure
855 721 1019 782 secundnm

206 808 362 870 Zachariae
386 811 458 871 iusti
480 810 612 889 linguam
634 811 747 891 placate
769 809 881 890 ligasti,

207 898 276 958 dum
300 899 411 960 faceret
434 917 535 960 serum
558 918 665 978 rugosa
688 917 835 979 puerpera
857 905 986 979 patrem,

206 987 283 1047 edita
307 988 477 1066 significans
500 990 582 1049 iusso
606 991 732 1050 reticere
756 987 912 1068 propheta,

204 1078 298 1154 gratia
322 1095 390 1138 cum
408 1075 504 1158 fulsit,
527 1084 630 1138 nosset
653 1095 685 1138 se
708 1084 742 1138 ut
764 1076 811 1138 lex
834 1078 1003 1157 tacituram,

150 1177 186 1226 40
205 1166 316 1244 quique
340 1167 429 1226 etiam
451 1184 577 1227 nascens
602 1185 637 1226 ex
660 1168 774 1245 virgine
798 1167 911 1226 semine
935 1165 1030 1246 nullo,

204 1261 271 1314 ante
295 1252 388 1315 ullum
403 1261 529 1334 tempus
559 1255 632 1315 deus
660 1265 747 1333 atque
770 1257 802 1315 in
825 1262 959 1334 tempore
984 1253 1128 1336 Christus,

204 1343 240 1403 ad
264 1361 371 1422 corpus
396 1351 538 1423 quantum
562 1351 688 1424 spectat,
711 1350 744 1404 tu
767 1351 797 1404 te
821 1345 884 1423 ipse
909 1345 1030 1425 creasti,

204 1433 255 1509 qui
278 1433 374 1492 visum
398 1435 508 1513 caecis,
532 1450 668 1511 gressum
687 1449 805 1511 quoque
829 1432 954 1492 reddere
978 1430 1105 1514 claudis,

205 1521 338 1581 auditum
362 1521 476 1602 surdis,
499 1523 590 1582 mutis
613 1521 711 1581 laxare
735 1519 883 1599 loquelam

148 1621 183 1669 45
204 1617 306 1670 suetus
330 1609 444 1670 adhoc
468 1613 557 1671 etiam
580 1612 702 1690 venisti,
726 1617 759 1670 ut
781 1617 898 1670 mortua
921 1609 1053 1671 membra

202 1696 292 1780 lecto,
316 1699 480 1780 sandapila,
503 1698 617 1760 tumulo
640 1716 819 1777 consurgere
843 1701 971 1779 possint3

202 1789 313 1865 quique
337 1790 427 1849 etiam
449 1807 560 1868 poenas
584 1795 722 1868 suscepta
745 1791 777 1848 in
801 1805 888 1848 carne
912 1786 1021 1870 tulisti,

202 1883 372 1936 sustentans
395 1877 507 1958 alapas,
530 1876 675 1959 ludibria,
697 1876 836 1957 verbera,
859 1893 965 1955 vepres
971 1923 980 1956 ,

202 1971 323 2044 sortem,
345 1965 449 2046 vincla,
473 1985 601 2048 crucem,
626 1964 732 2047 clavos,
755 1965 804 2047 fel,
827 1964 950 2045 missile,
973 1971 1099 2046 acetum,

148 2064 182 2113 oo
201 2060 353 2131 postremo
375 2060 515 2134 mortem,
539 2055 591 2116 sed
615 2061 818 2136 surrecturus,
842 2055 945 2136 adisti,

201 2143 345 2222 eripiens,
369 2143 510 2222 quicquid
533 2146 643 2205 veteris
666 2145 844 2223 migraverat
866 2143 961 2204 hostis

200 2233 232 2290 in
255 2233 302 2292 ius
325 2249 380 2309 per
402 2238 538 2292 nostrum
561 2233 688 2314 lacinus,
712 2252 780 2294 cum
803 2234 913 2294 lomina
935 2233 1031 2312 prima

199 2326 391 2399 praeceptum
414 2319 530 2381 solvens
554 2320 640 2400 culpa
662 2339 717 2382 nos
740 2329 862 2402 perpete
886 2323 995 2402 vinxit5

200 2402 267 2491 (qui
290 2427 358 2469 cum
380 2416 411 2469 te
433 2411 556 2469 interitu
579 2411 665 2489 petiit
687 2428 742 2470 nec
766 2413 899 2490 repperit
922 2412 954 2470 in
977 2417 1022 2490 te,

146 2507 179 2558 55
199 2497 278 2576 quod
300 2505 402 2576 posset
424 2501 579 2577 proprium
602 2500 793 2579 convincere,
815 2498 946 2577 perdidit
969 2515 1070 2580 omne,

200 2586 279 2664 quod
301 2585 386 2665 lapsu
409 2587 491 2647 dedit
513 2585 573 2647 Eva
596 2605 663 2667 su03
683 2586 900 2666 chirographon
923 2585 1021 2668 illum,

199 2692 257 2753 quo
281 2693 423 2754 pervasus
446 2675 536 2737 homo
559 2682 618 2756 est,
640 2675 714 2736 haec
737 2677 937 2754 compensatio
961 2678 1049 2755 rupit.

201 2781 308 2843 expers
331 2766 448 2843 peccati
469 2783 523 2844 pro
547 2763 754 2845 peccatoribus
777 2763 908 2843 amplum

198 2853 234 2912 fis
256 2854 386 2932 pretium
409 2860 598 2933 veteremque
617 2871 711 2914 novus
734 2854 797 2914 vice
820 2853 950 2913 faenoris
974 2851 1083 2934 Adam,

145 2954 178 3003 60
198 2940 268 3001 dum
292 2943 431 3023 moreris,
455 2942 492 3002 de
514 2951 609 3004 morte
632 2943 721 3021 rapis.
763 2943 806 3002 sic
824 2948 941 3002 mortua
959 2959 1041 3002 mors
1065 2949 1121 3023 est,

198 3032 241 3090 sic
265 3048 330 3090 sese
354 3030 486 3112 insidiis,
509 3049 582 3110 quas
605 3032 730 3110 fecerat,
754 3031 818 3110 ipsa
841 3029 954 3091 fefellit.

196 3137 265 3179 nam
287 3119 358 3179 dum
381 3119 542 3181 indiscrete
565 3123 640 3200 petit
662 3121 870 3198 insontemque
894 3134 1036 3200 reosque,

198 3210 271 3289 egit,
294 3215 328 3269 ut
351 3207 463 3269 absolvi
486 3215 609 3288 possent
633 3216 663 3269 et
686 3209 810 3270 crimine
834 3201 933 3292 neri);

178 3438 212 3486 33
230 3431 338 3502 pallam
359 3435 416 3489 cod.
440 3433 593 3489 Helotatod.
617 3433 692 3502 (ium
715 3433 908 3500 thomowita)
936 3435 947 3501 Ι
973 3436 1007 3486 4⁶
1033 3430 1122 3485 etiam

109 3519 156 3644 pro,
168 3503 216 3630 60011
222 3510 329 3630 04de
339 3507 472 3646 possent?
490 3505 667 3574 Iatcty‘ohonn
680 3507 692 3576 l
704 3509 737 3560 56
755 3503 828 3559 illud
846 3505 997 3576 corycum
1017 3501 1123 3574 rumpit

906 3667 960 3720 21*
