2628 4034
501 216 653 272 CARMEN
671 218 756 275 XXII.
1070 215 1136 280 333

213 368 276 445 ipsa
296 372 393 427 autem
413 368 540 446 quantis,
559 366 667 444 quibus
687 374 736 428 aut
755 373 824 427 sunt
843 365 914 427 fulta
934 364 1091 427 columnis!

215 454 300 515 cedat
318 457 445 533 puniceo
469 457 618 532 pretiosus
641 455 716 515 livor
738 458 770 516 in
794 463 878 516 antro

138 575 140 580 ·
215 543 380 622 Synnados,
404 550 434 602 et
456 543 620 604 Nomadum
645 547 696 623 qui
718 552 816 624 portat
839 543 970 605 eburnea
994 563 1062 605 saxa

214 632 297 692 collis
322 640 352 692 et
373 630 509 692 herbosis
534 651 608 711 quae
631 641 756 693 vernant
778 651 925 693 marmora
947 635 1044 714 renis3

145 735 196 783 140
215 721 390 782 candentem
413 723 471 781 iam
494 721 562 782 nolo
586 722 694 802 Paron,
718 725 776 782 iam
799 721 867 783 nolo
891 722 1047 803 Carystum

217 810 303 870 vilior
326 817 372 870 est
394 809 485 870 rubro
509 828 583 889 quae
607 811 717 890 pendet
738 829 870 891 purpura
894 830 973 872 saxo.

215 905 244 959 et
267 917 304 959 ne
327 901 485 978 posteritas
510 898 637 979 dubitet,
660 903 727 978 quis
751 900 887 961 conditor
910 907 1003 981 extet,

216 988 292 1048 fixus
315 990 345 1047 in
369 989 494 1048 introitu
517 988 591 1067 lapis
616 996 676 1069 est3
699 990 747 1049 hic
770 991 890 1049 nomina
915 992 1011 1068 signat

216 1083 383 1157 auctorum3
407 1077 459 1137 sed
482 1085 604 1156 propter
628 1096 715 1158 aqua,
739 1085 769 1138 et
791 1080 912 1157 vestigia
937 1096 1040 1157 pressa

145 1177 196 1226 145
216 1171 290 1244 quae
313 1167 391 1245 rapit
415 1172 445 1226 et
467 1166 533 1226 fuso
557 1166 684 1245 detergit
707 1170 821 1246 gurgite
846 1185 978 1228 caenum.

216 1253 369 1314 sectilibus
392 1256 491 1333 paries
514 1253 622 1315 tabulis
646 1262 794 1316 crustatus
818 1256 854 1316 ad
878 1275 966 1317 aurea

214 1350 293 1403 tecta
316 1345 409 1422 venit,
433 1343 511 1403 lulvo
534 1345 625 1404 nimis
649 1343 854 1405 abscondenda
877 1345 1009 1427 metallo;

215 1450 284 1492 nam
307 1431 438 1511 locuples
462 1432 579 1493 fortuna
602 1433 708 1493 domus
731 1451 791 1494 non
814 1452 900 1513 passa
923 1433 1014 1495 latere

217 1521 334 1581 divitias
357 1521 469 1602 prodit,
494 1539 560 1581 cum
585 1524 629 1582 sic
652 1541 706 1582 sua
729 1522 857 1583 culmina
881 1522 964 1583 celat.

147 1619 198 1670 150
217 1610 289 1670 haec
312 1617 381 1689 post
404 1612 533 1689 assurgit
555 1610 763 1690 duplicemque
787 1613 957 1691 supervenit
982 1612 1084 1672 aedom

217 1701 351 1777 porticus
369 1702 433 1778 ipsa
452 1699 574 1781 duplex,
599 1699 711 1778 duplici
733 1718 793 1760 non
816 1703 933 1778 cognita
955 1700 1096 1779 plaustro.

218 1805 342 1865 quarum
365 1807 454 1848 unam
477 1788 559 1848 molli
584 1788 758 1850 subductam
781 1791 892 1850 vertice
917 1807 1022 1850 curvae

219 1875 351 1936 obversis
374 1876 495 1955 paulum
517 1883 687 1957 respectant
710 1877 851 1938 cornibus
875 1877 944 1938 alac.

219 1965 283 2043 ipsa
307 1964 385 2025 diem
409 1973 510 2027 natum
534 1969 630 2028 cernit
653 1969 818 2028 sinuamine
842 1966 959 2047 dextro,

151 2064 201 2114 too
221 2053 318 2113 lroute
341 2054 445 2114 videns
468 2056 612 2137 medium,
635 2056 717 2116 laevo
740 2059 840 2116 visura
864 2055 1026 2116 cadentem.

218 2160 278 2201 non
301 2142 399 2221 perdit
423 2146 580 2222 quicquam
603 2147 682 2205 trino
706 2146 742 2206 de
767 2144 887 2206 cardine
911 2144 986 2206 caeli

219 2238 249 2290 et
271 2237 367 2291 totum
391 2231 483 2292 solem
506 2232 605 2294 lunata
627 2253 682 2313 per
705 2237 778 2296 atria
802 2241 907 2295 servat.

222 2337 306 2380 sacra
328 2320 508 2380 tridentiferi
531 2320 607 2381 lovis
630 2323 678 2382 hic
702 2331 834 2384 armenta
858 2323 1006 2403 profundo

220 2408 380 2469 Pharnacis
403 2411 553 2488 immergit
575 2413 705 2492 genitor3
728 2429 871 2490 percussa
894 2415 993 2473 securi

150 2509 201 2559 160
220 2515 343 2576 corpora
367 2499 562 2578 cornipedum
585 2507 740 2578 certasque
764 2499 924 2561 rubescere
947 2501 1048 2580 plagas

220 2589 382 2664 sanguineo
406 2587 442 2647 de
456 2605 533 2648 ‘rore
557 2594 658 2669 putes3
682 2595 740 2648 stat
757 2588 889 2649 vulneris
912 2590 1019 2649 horror

219 2693 322 2756 verus,
346 2685 376 2736 et
398 2679 507 2737 occisis
530 2678 602 2737 vivit
625 2680 741 2756 pictura
765 2677 926 2756 quadrigis.

219 2762 359 2825 Ponticus
382 2766 451 2826 hinc
475 2773 573 2826 rector
596 2768 763 2826 numerosis
783 2766 909 2846 Cyzicon
933 2768 1023 2826 armis

221 2851 345 2934 claudit3
369 2861 398 2914 at
420 2855 490 2915 hinc
514 2857 603 2914 sociis
627 2855 731 2916 consul
753 2854 895 2916 Lucullus
919 2873 1005 2934 opem
1029 2856 1100 2936 lert,

152 2952 201 3002 165
222 2941 451 3023 compulsusque
475 2944 561 3004 lamis
584 2944 757 3004 discrimina
781 2961 895 3004 summa
919 2943 1019 3004 subire

221 3031 334 3091 invidet
357 3030 479 3092 obsesso
502 3031 588 3092 miles
606 3032 822 3094 Mithridaticus
845 3033 931 3093 hosti.

222 3126 321 3180 enatat
343 3120 391 3180 hic
410 3120 532 3200 pelagus
555 3121 680 3182 Romani
702 3122 806 3183 militis
830 3122 918 3182 ardor

222 3215 252 3268 ct
275 3208 407 3270 chartam
430 3210 548 3270 madido
571 3218 754 3291 transportat
776 3229 901 3290 corpore
926 3213 1043 3271 siccam.

222 3297 351 3377 desuper
374 3301 406 3358 in
429 3299 547 3377 longum
571 3301 718 3379 porrectis
741 3300 847 3360 horrea
870 3302 958 3360 tectis

207 3506 255 3556 138
274 3504 429 3558 numadum
446 3507 523 3562 codd.
547 3509 556 3576 ΙΙ
580 3512 632 3560 144
652 3523 726 3576 aqua
743 3509 840 3578 colam
859 3523 963 3577 aquam
981 3509 1058 3565 codd.
1081 3511 1085 3580 Ι
1106 3509 1147 3580 et]

136 3589 173 3628 aaa
191 3576 251 3628 est?
266 3577 276 3645 ΙΙ
291 3580 340 3629 161
360 3578 395 3644 cf.
410 3594 432 3633 c.
453 3577 486 3646 V,
500 3583 558 3634 281
573 3581 582 3650 ll
